3250 5050
653 411 838 479 ...27-

201 544 354 622 adulatur!
371 562 484 638 quanta
503 571 573 617 vero
592 554 658 639 ejus
676 561 723 617 est
740 552 884 629 avaritia,
906 559 1036 634 quantus
1048 547 1136 617 dolus
1148 601 1155 629 ,
1169 561 1281 636 quanta

200 662 336 748 perfidia,
350 681 441 748 quarn
464 661 600 746 ingratus
614 660 754 738 :animus
768 677 860 744 quarn
878 657 1055 746 perversus!
1073 661 1114 725 Ut
1136 662 1281 728 miserum

202 771 388 838 Dinarchum
401 772 518 837 deludit
528 821 536 851 ‚
545 791 720 856 munusque
732 772 769 836 ab
782 791 819 837 eo
831 767 945 836 aufert!
964 767 1004 835 Ut
1016 771 1108 836 simul
1121 772 1231 858 spoliat
1251 780 1283 836 et

202 881 358 959 rusticum,
371 889 402 946 ct
417 880 565 958 militem
580 879 710 963 denique
735 859 776 944 ut¹
792 878 885 958 norit,
899 897 993 964 quum
1012 879 1145 946 abscedit
1168 881 1283 945 Dinar-

201 989 286 1068 chus,
301 1007 427 1073 puerum
438 996 472 1054 ut
485 987 645 1072 relinquat,
664 987 768 1054 abillo
791 984 971 1071 impetrare!
991 988 1030 1052 Ut
1043 986 1101 1053 sibi
1116 995 1200 1073 parat
1213 1000 1281 1054 tam

201 1098 364 1176 fortunam,
378 1106 412 1161 ut
424 1105 527 1181 postea
539 1093 660 1161 redeat!

494 1300 495 1304 ¹
591 1291 602 1310 ·
641 1282 686 1330 Sed
702 1290 780 1332 tamen

326 1360 449 1423 Cogitato,
462 1375 517 1410 mus
527 1361 631 1425 pusiilus
638 1397 646 1421 ,
658 1377 730 1425 quarn
744 1363 774 1410 sit
788 1362 884 1424 sapiens
894 1363 971 1412 bestia

325 1441 428 1490 AEtatenr
441 1442 484 1504 qui
494 1443 537 1491 uni
549 1443 624 1492 cubili
634 1455 760 1506 nunquam
771 1441 899 1492 committit
913 1455 996 1500 suarn,

326 1522 401 1582 Quia,
410 1523 430 1570 si
441 1537 520 1573 unum
529 1525 619 1574 ostium
633 1523 787 1584 obsideatur,
801 1523 867 1574 aliud
877 1521 1016 1586 perfugium
1026 1522 1123 1585 querit.

685 1604 732 1653 Ubi
744 1603 811 1653 domi
821 1610 915 1652 metues
927 1603 1019 1651 malurn
1026 1636 1034 1660 ‚

328 1681 414 1745 Fugite
426 1681 472 1729 hue
484 1680 514 1729 ad
527 1695 580 1740 me,
591 1682 677 1732 saltem
686 1682 778 1731 amicus
790 1683 849 1731 mihi
859 1689 911 1731 esto
923 1680 1091 1731 manubiarius
1101 1683 1120 1727 ¹.

204 1845 282 1911 Nurn
296 1842 424 1928 gratiam
437 1845 521 1936 illarn
533 1845 702 1910 Dinarchus
714 1865 833 1929 sperare
847 1844 958 1912 debet?
968 1845 1024 1911 Ille
1037 1844 1198 1909 arbitratur
1212 1864 1220 1922 ;
1240 1844 1282 1908 ait

203 1951 285 2017 enim
302 1973 308 2015 ε
326 1971 427 2042 operoe
441 1951 495 2018 att
509 1953 588 2020 milri
601 1955 680 2033 erit,
696 1955 738 2020 ad
757 1963 785 2020 te
803 1976 925 2022 venua
950 1955 990 2020 At
1014 1953 1200 2020 inconsultus
1220 1960 1276 2018 est.

203 2061 291 2144 Quod
303 2060 340 2126 ad
361 2059 490 2128 militem
507 2071 636 2147 spectat,
650 2061 853 2132 Phronesium
873 2063 982 2150 quibus
1003 2061 1160 2150 preceptis
1181 2068 1283 2126 utatur

203 2169 386 2248 denuntiat*
399 2179 429 2238 et
450 2170 536 2238 valde
549 2171 640 2239 timeo
658 2192 696 2240 ne
719 2172 770 2238 illa
793 2171 962 2239 Dinarchus
974 2171 1039 2256 ipse
1049 2168 1174 2258 posthac
1187 2188 1281 2254 expc-

205 2277 299 2344 riatur
314 2299 321 2339 :

329 2467 430 2530 Propter
443 2469 507 2516 hunc
521 2481 575 2530 spes
585 2467 656 2516 etiarn
670 2474 706 2516 est
719 2467 788 2516 hodie
807 2474 897 2515 tactum
912 2467 942 2514 iri
961 2466 1077 2524 militcm3

331 2547 406 2605 Quem
418 2562 477 2610 ego,
491 2556 598 2604 ecastor,
611 2562 679 2610 mage
695 2562 749 2596 amo
763 2562 836 2611 quarn
848 2562 902 2603 rna,
914 2547 972 2595 dum
989 2546 1026 2604 id,
1041 2545 1107 2609 quorl
1120 2544 1206 2607 cupio,
1228 2543 1283 2592 inde

1171 2622 1268 2681 aufero,

322 2707 380 2766 Quae
391 2688 463 2770 quarn
474 2708 578 2757 multum
590 2709 748 2767 abstulimus,
760 2708 825 2757 haud
837 2709 943 2756 multum
955 2707 1067 2770 adparet,
1078 2706 1144 2769 quod
1154 2705 1283 2754 datum'st.

329 2789 365 2836 Ita
374 2796 432 2837 sunt
441 2788 523 2850 gloriae
534 2790 688 2839 meretricum
698 2790 720 2836 ἱ.

250 2947 309 3010 lsta
321 2945 453 3030 profecto
465 2948 609 3032 discipula
623 2948 678 3013 suit
691 2948 843 3014 Cleaaretae
857 2949 1023 3034 cujusdam,
1040 2959 1090 3015 aut
1103 2952 1180 3014 lenae
1194 2948 1283 3014 matri

205 3055 361 3141 Gymnasii
372 3057 490 3123 similis.
500 3059 588 3137 Quod
597 3059 719 3143 quidem
731 3059 812 3125 haud
824 3080 905 3145 egre
919 3059 1110 3141 crediderim,
1121 3080 1214 3147 quum
1224 3061 1284 3126 irn-

204 3165 437 3249 pudentissima,
452 3166 708 3251 audacissimaque
721 3168 874 3248 videatur,
898 3189 1051 3254 quumque
1063 3169 1101 3234 ad
1113 3168 1197 3255 pueri
1211 3189 1285 3255 sup-

205 3274 385 3359 positionem
399 3276 537 3342 itafacile
558 3264 590 3343 se
613 3278 770 3364 accingat.
801 3279 981 3345 Ceterumei
995 3300 1048 3345 sua
1073 3287 1170 3344 rnatcr
1195 3260 1283 3365 opem

204 3383 386 3465 commodat,
396 3384 531 3452 mulieris
540 3386 600 3451 ritu
611 3386 697 3453 istius
708 3388 791 3453 modi
805 3407 906 3453 rerum
916 3387 1116 3473 peritissime.
1132 3390 1200 3474 Ipsa
1212 3407 1285 3454 vero

203 3490 396 3559 callidissima
409 3504 465 3560 est.
496 3496 609 3561 Forsan
631 3498 744 3585 aliquid
756 3499 788 3563 in
800 3505 985 3565 senectutem
1007 3506 1152 3585 seponet;
1169 3507 1200 3562 at
1221 3519 1284 3565 non

202 3599 234 3665 id
254 3611 300 3669 est
320 3624 375 3691 pro
387 3605 601 3672 consuetudine
611 3608 725 3674 ordinis
739 3610 763 3671 ³.
792 3608 825 3673 Si
853 3609 967 3675 venerit
981 3608 1153 3694 inopinatus
1175 3628 1284 3687 casus,

202 3710 370 3794 periculum
388 3720 485 3779 estne
499 3714 620 3781 illarum
644 3735 717 3802 quas
731 3716 794 3781 dixi
807 3716 900 3784 finem
914 3717 1024 3784 habeat
1041 3740 1047 3781 :
1068 3727 1212 3803 praeterea
1233 3736 1284 3783 me

203 3817 281 3903 fugit
300 3839 359 3906 qua
382 3841 415 3887 re
439 3822 549 3889 deinde
571 3833 704 3889 mentem
728 3834 758 3890 et
782 3826 918 3892 animum
935 3828 1101 3893 exercitura
1113 3826 1163 3891 sit.
1194 3825 1282 3891 Illam

205 3937 328 3993 manent
342 3932 462 4016 crapula
475 3941 505 3998 et
518 3933 579 3997 vita
593 3932 727 3998 infamis.

251 4035 329 4100 Sunt
342 4039 438 4104 arubae
464 4038 626 4105 Bacchides
650 4042 786 4128 ejusdem
807 4044 927 4128 generis
940 4047 964 4108 ⁴.
983 4046 1055 4109 Tam
1071 4051 1148 4127 aptae
1162 4051 1232 4107 sunt
1244 4041 1282 4108 ad

203 4141 408 4208 misericordia
430 4146 617 4233 tangendum
639 4148 881 4231 adolescentem,
896 4150 1036 4217 amicitiae
1056 4148 1283 4229 recordatione,

132 4398 138 4407 ·
239 4378 248 4411 ¹
266 4379 363 4429 Trucui.
378 4382 519 4442 1V,t‚14er
531 4387 571 4432 20.
586 4412 615 4422 -
629 4386 687 4434 Ἰὼ
702 4386 744 4445 lv,
759 4388 829 4444 mi.
843 4414 873 4421 —
883 4388 895 4420 ³
905 4384 942 4435 Id.
956 4384 1019 4446 ll,·r,
1035 4388 1105 4434 16.-
1118 4386 1281 4436 ⁴Bacehides.
