3250 5050
765 380 947 442 ..40-

323 517 462 603 Philippa
479 519 560 604 quod
582 536 616 582 ea
639 517 695 585 sihi
721 517 877 598 offeratur,
894 527 925 585 et
938 517 1016 583 inter
1032 517 1092 582 odii
1110 518 1296 597 testimonia,
1315 518 1397 602 quod

322 627 415 694 movit
432 629 591 716 impudens
610 627 735 706 semina,
758 629 816 695 sihi
839 628 956 714 ignota,
981 648 1050 694 vere
1075 637 1246 694 maternum
1270 629 1395 695 verbum

321 736 456 821 profatur
472 757 479 799 :

387 955 457 968 .....
473 920 549 968 Aliter
562 921 634 969 catuli
648 923 717 983 longe
731 922 812 980 olent,
826 922 895 970 aliter
908 936 980 981 sues;
995 935 1054 982 nego

384 1009 444 1056 Eam
456 1005 568 1071 gnovisse
580 1021 635 1070 quae
648 1008 679 1056 sit
690 1009 710 1056 ¹.

321 1170 504 1258 Compositio
529 1189 626 1238 scenae
646 1170 793 1235 contraria
818 1168 982 1248 videbitur,
1004 1171 1029 1235 si
1051 1189 1117 1235 eam
1141 1168 1396 1236 cumCistellariae

321 1281 437 1346 ratione
460 1281 596 1346 conlerre
619 1279 758 1345 volueris.
782 1281 822 1345 Ut
844 1280 1042 1346 Phanostrata
1063 1278 1161 1364 primo
1179 1288 1300 1362 aspectu
1329 1300 1395 1346 cre-

319 1389 431 1477 pundia
453 1399 531 1456 natae
550 1388 690 1474 agnovit,
717 1389 757 1454 ita
776 1389 916 1475 Philippa
933 1388 1134 1474 Periphanem
1147 1387 1234 1452 docet
1249 1396 1395 1473 quantum

324 1499 489 1565 obcaecatus
505 1499 607 1564 luerit.
631 1499 739 1565 Filiam
760 1497 908 1565 redimere
926 1498 958 1562 in
981 1498 1081 1562 animo
1100 1497 1221 1574 hahuit3
1243 1496 1337 1561 nescit
1358 1497 1396 1561 il-

322 1608 382 1672 lam
401 1626 579 1692 agnoscere;
594 1606 626 1671 id
639 1607 710 1672 solae
723 1615 834 1672 matres
847 1615 958 1671 norunt
974 1629 981 1685 ;

381 1789 462 1850 Quid?
474 1791 505 1840 oh
518 1805 571 1840 eam
580 1805 631 1840 rem
644 1792 707 1840 hanc
718 1792 814 1850 emisti,
828 1791 885 1854 quia
898 1797 964 1839 tuam
977 1796 1073 1852 gnatam
1086 1789 1169 1838 ratus?
1182 1789 1270 1851 quibua

381 1869 416 1917 De
426 1869 500 1930 signis
512 1869 690 1931 adgnoscebas?
701 1898 732 1906 -
745 1867 834 1919 Nullis.
848 1897 878 1904 -
890 1868 967 1928 Quare
979 1869 1054 1919 filiam

383 1947 510 1998 credidisti
522 1948 648 1998 nostram?
662 1976 691 1984 -
706 1948 792 1998 Servos
804 1947 919 2011 Epidicus
932 1947 992 1996 dixit
1002 1947 1107 1996 mihi.-

382 2028 444 2088 Quid
455 2030 476 2078 si
487 2043 557 2078 servo
567 2030 635 2080 aliter
646 2030 773 2089 visum'st,
786 2045 836 2079 non
846 2037 943 2092 poteras
956 2029 1083 2092 gnevisse,
1094 2029 1213 2078 obsecro?

382 2107 445 2166 Quid
457 2107 519 2170 epo?
530 2107 648 2171 qniillam
661 2116 688 2157 ut
703 2109 809 2171 primurn
822 2109 887 2167 vidi,
901 2122 1026 2171 nunquam
1039 2106 1088 2155 vidi
1097 2114 1190 2169 postea.
1204 2134 1234 2142 -

384 2188 447 2237 Perii
459 2189 548 2237 misera
558 2188 580 2236 ².

319 2350 421 2416 Brevis
443 2358 489 2416 cst
512 2351 610 2432 locus,
632 2360 663 2416 et
685 2370 789 2417 sensus
812 2351 966 2418 verissime
984 2361 1022 2444 et
1042 2350 1140 2416 vivide
1161 2351 1305 2436 expressi.
1333 2353 1400 2417 Non

218 2477 225 2481 ·
319 2478 445 2546 persona
469 2458 618 2545 Philippeo
647 2461 757 2527 multas
782 2479 888 2527 scenas
913 2460 1038 2525 Plautus
1065 2460 1217 2546 implevit,
1243 2467 1273 2527 at
1298 2459 1400 2545 paucis

321 2568 420 2637 verbis
433 2568 548 2634 mirum
564 2568 597 2633 in
609 2570 731 2635 modum
751 2569 939 2635 adumbravit
952 2578 1051 2654 partes
1066 2570 1134 2635 illas
1152 2570 1222 2635 inde
1239 2578 1302 2633 tam
1319 2588 1401 2653 saepe

318 2676 459 2761 repetitas
471 2676 605 2743 mulieris
618 2668 762 2757 deserta,
783 2676 909 2744 amatori
925 2677 1127 2762 ignoscentis,
1146 2679 1287 2762 aheoque
1298 2686 1400 2743 natam

271 2840 273 2845 .
321 2785 514 2870 reposcentis.

365 2894 443 2961 Sunt
456 2894 535 2979 apud
545 2896 729 2974 Terentium,
741 2894 924 2980 optimorum
933 2895 1095 2961 affectuum
1106 2895 1298 2980 quaesitorem
1312 2901 1343 2959 et
1353 2893 1401 2957 ef-

319 3000 464 3081 fictorem,
477 3013 622 3070 matronae
639 3003 839 3083 ,nobilissime
863 3013 894 3068 et
915 3001 1030 3087 ingenii
1051 3002 1298 3068 mansuetissimi.
1314 3000 1396 3081 Quid

321 3107 435 3192 gratius
453 3129 544 3195 qnam
572 3109 623 3176 illa
643 3131 746 3176 socrus
769 3120 907 3175 metuens
936 3130 974 3175 ne
997 3111 1061 3195 ipsa
1086 3110 1176 3175 nurui
1201 3109 1270 3175 odio
1282 3108 1342 3190 sit,
1367 3117 1398 3175 et

320 3214 444 3281 domum
457 3217 626 3303 relinquere
639 3227 761 3303 parata,
777 3238 815 3283 ne
829 3218 913 3283 illam
930 3217 1061 3283 offendat
1071 3218 1083 3254 ³
1092 3216 1110 3281 ‘l
1119 3221 1180 3284 Nec
1192 3218 1270 3297 sola,
1283 3227 1316 3283 ut
1325 3239 1399 3305 pru-

320 3323 394 3388 dens
412 3326 602 3411 benignaque
627 3335 657 3391 et
677 3326 811 3391 modesta
826 3377 834 3405 ,
849 3336 995 3391 ostentata
1016 3335 1071 3391 est.
1088 3326 1170 3405 Quid
1192 3326 1293 3391 vero‘l
1317 3330 1398 3394 Num

320 3430 541 3516 imperiosiores
560 3444 678 3500 tantum
698 3434 841 3514 feminae,
868 3452 942 3499 num
962 3434 1164 3501 intractabiles
1186 3454 1294 3500 uxores
1306 3455 1399 3521 appa-

320 3540 431 3605 rebunt
450 3541 529 3627 apud
552 3542 716 3608 Plautum‘l
737 3564 795 3624 an,
820 3564 880 3630 quo
903 3543 1038 3609 mitiores
1060 3564 1166 3610 sensus
1188 3544 1397 3625 demonstret,

321 3649 489 3716 calamitate
503 3650 609 3718 lraotas
621 3662 651 3718 et
670 3653 822 3739 mitigatas
835 3653 983 3719 inducet?
1004 3655 1041 3717 Et
1052 3652 1117 3738 ipse
1135 3652 1309 3719 mitissimas
1329 3674 1398 3740 per-

322 3775 410 3821 sonas
423 3757 532 3837 hahet,
556 3769 586 3825 et
599 3760 671 3826 recti
685 3761 980 3840 observantissimus,
994 3760 1137 3846 figuratas
1157 3760 1360 3827 callidissime.

368 3864 503 3933 Primam
525 3868 662 3933 omnium
684 3869 813 3936 landabo
833 3870 1017 3937 sacerdotem
1034 3869 1095 3935 lani
1117 3870 1242 3935 Veneris
1264 3890 1333 3955 quae
1353 3879 1399 3935 est

260 3966 266 3979 ’
323 3975 356 4040 in
378 3976 526 4043 Rudente.
551 3977 662 4043 Omnia
686 3980 868 4045 conveniunt
885 3999 946 4065 quo
963 3978 1083 4065 dignior
1094 3978 1285 4043 veneratione
1298 3978 1400 4044 videa-

325 4093 396 4164 tur,
421 4095 507 4167 aotas,
519 4105 637 4154 sacrum
657 4106 787 4167 munus,
802 4086 1016 4155 misericordia.
1043 4086 1205 4172 Effingitur
1216 4088 1332 4165 statim,
1347 4085 1398 4153 illa

361 4317 369 4351 ¹
383 4312 483 4380 Epidio.
495 4318 539 4380 IV,
553 4325 567 4367 Ξ
574 4356 582 4380 ,
597 4324 622 4369 0.
635 4350 666 4358 -
678 4324 689 4357 ⁹
699 4322 736 4371 ld.
751 4324 786 4373 id.
797 4324 834 4371 id.
846 4326 885 4373 26.
904 4352 933 4359 —
944 4324 956 4358 ³
969 4323 1066 4374 Terent.
1081 4324 1169 4386 llecpr.
1182 4322 1225 4381 tv,
1238 4322 1276 4372 Sc.
1297 4326 1321 4369 ἱ.
