3250 5050
794 389 977 454 ..ἥδ-

348 533 473 600 omissas
486 554 570 614 esse,
595 551 664 619 quae
673 533 821 598 tamenin
834 532 979 598 dramatis
992 539 1133 598 contexto
1147 529 1314 616 plurimum
1328 532 1423 598 valere

318 636 320 640 ’
347 645 514 710 videantur.
539 643 607 708 Scio
620 642 760 729 equidem
772 642 857 707 illam
868 642 1002 707 tabulam
1012 640 1118 706 Plauto
1135 639 1306 725 ademptam
1319 639 1421 722 luisse,

345 762 379 818 nt
391 751 742 838 Aquilliotribueretur¹3
756 771 809 816 cur
818 769 889 816 vero
901 768 1091 816 censeremus
1104 751 1243 815 Plautum
1257 747 1419 827 nunidem,

346 880 439 947 quum
448 881 481 926 se
493 861 612 926 offerret
627 860 761 939 occasio,
782 857 903 939 fecisse,
917 877 1014 944 neque
1026 877 1115 923 usum
1127 877 1194 924 esse
1208 857 1314 923 eadem
1331 856 1437 922 liber-.

344 977 406 1034 tate
419 990 477 1054 qua
499 968 649 1055 Aquillius
665 989 737 1036 usus
751 977 816 1048 est,
841 988 899 1053 qna
919 964 1090 1047 Terentius,
1116 965 1169 1052 qui
1191 986 1229 1032 ex
1249 965 1366 1032 duobus
1378 965 1393 1030 l
1407 1003 1423 1013 -

344 1079 433 1160 bulis,
448 1079 561 1144 Andria
574 1087 604 1145 et
615 1078 781 1157 Perinthia,
790 1097 883 1144 unam
891 1076 1084 1163 composuit’.
1094 1077 1222 1143 Fabulas
1230 1075 1424 1144 commiscere

344 1187 504 1272 plurimas,
519 1200 570 1253 aut
581 1187 614 1252 in
627 1187 721 1253 frusta
735 1187 893 1253 concidere
912 1187 1017 1253 solitus
1030 1196 1087 1252 est.
1105 1187 1146 1252 At
1158 1205 1227 1271 quae
1240 1184 1367 1251 immisit
1392 1184 1424 1250 in

344 1305 458 1363 tantam
487 1297 745 1364 conturbationem
780 1316 906 1376 rernm,
939 1297 1035 1363 doctae
1073 1295 1231 1362 sententiae
1252 1294 1421 1371 ·videticet‚

344 1404 492 1490 imagines
504 1406 602 1472 vivide
614 1425 778 1491 expressae,
794 1406 918 1472 allectus
928 1405 1036 1471 callide
1047 1405 1158 1485 notati,
1170 1403 1226 1471 etsi
1241 1400 1422 1489 decerpserit

343 1514 497 1593 aGraecis,
512 1535 611 1581 norme
622 1515 672 1580 illa
687 1515 787 1581 omnia
800 1516 828 1581 ei
838 1513 941 1600 glorie
949 1514 1092 1581 vertenda
1104 1515 1189 1580 sunt³
1199 1513 1217 1578 ‘l
1227 1513 1292 1582 Nisi
1300 1512 1422 1580 illorum

344 1622 405 1688 vim
439 1643 473 1688 ac
503 1642 625 1690 sensum
648 1622 864 1701 intellexisset,
888 1624 976 1689 edeta
996 1632 1027 1689 et
1048 1623 1211 1689 inanimata
1234 1623 1313 1709 apud
1336 1623 1422 1688 illum

343 1731 527 1798 uiderentur.
553 1732 640 1799 Unde
660 1731 787 1818 gratiam
811 1733 980 1817 petienmt‚
1010 1732 1068 1798 nisi
1094 1734 1132 1799 ab
1152 1731 1275 1818 ingenio
1299 1740 1418 1819 poetae,

238 1833 241 1841 ’
343 1861 431 1927 aquo
441 1841 527 1908 nobis
536 1842 644 1907 tradita
654 1841 749 1909 sunt‘?
761 1841 932 1907 imitatione
953 1841 1084 1908 mirabili
1102 1841 1153 1906 illa
1174 1840 1317 1928 suijuris
1340 1840 1420 1917 lecit,

344 1959 374 2014 et
387 1949 413 2015 si
427 1950 494 2036 quis
505 1950 629 2017 instabit
643 1950 739 2016 acrius
754 2003 761 2032 ,
785 1950 866 2036 quod
880 1949 1030 2016 delectum
1042 1959 1161 2018 tautum
1178 1951 1303 2015 Plautus
1320 1968 1422 2014 rerum

343 2081 417 2146 quas
429 2061 460 2126 in
469 2062 573 2128 ‘lucem
586 2061 681 2126 edidit
699 2061 857 2140 babuerit,
881 2070 961 2127 certe
975 2060 1218 2147 respondendum
1243 2059 1315 2140 erit,
1334 2079 1423 2126 usur-

342 2178 411 2253 pato
435 2169 542 2235 Gallici
563 2169 716 2256 scriptoris
741 2172 832 2238 verbo
847 2221 854 2249 ‚
870 2170 1018 2236 delectum
1032 2169 1184 2253 quoddam
1198 2189 1293 2254 genus
1315 2167 1421 2234 inven-

343 2276 434 2340 tionis
446 2297 511 2341 esse
525 2329 532 2357 ,
545 2287 577 2342 et
591 2278 729 2343 eamdem
741 2278 861 2344 veniam
875 2286 976 2344 nostro
987 2296 1079 2363 quam
1091 2277 1213 2343 cuilibet
1225 2276 1275 2342 alii
1290 2275 1420 2342 dandam

343 2405 427 2466 esse,
446 2385 471 2451 si
488 2437 496 2464 ,
517 2385 727 2472 quaeimitatus
738 2396 802 2467 est,
820 2407 874 2452 sua
888 2385 982 2472 ipsius
992 2386 1110 2454 dicendi
1123 2396 1153 2452 et
1164 2386 1314 2454 scribendi
1327 2385 1421 2452 lacul-

342 2505 403 2563 tate
425 2496 690 2587 commendaverit.
716 2499 883 2565 Romanam
904 2496 1037 2564 indolem
1069 2497 1204 2583 alioquin
1223 2497 1289 2585 ejus
1312 2495 1421 2563 labulae

341 2607 473 2693 sapiunt.
491 2610 695 2674 Memorantnr
708 2618 851 2693 perpetuo
865 2625 975 2685 mores,
992 2607 1084 2691 leges,
1094 2628 1166 2679 usus
1181 2605 1416 2677 Romanorum

341 2720 386 2783 Ne
399 2716 509 2784 finibus
523 2716 668 2795 materiae,
683 2736 774 2803 quant
787 2716 865 2781 mihi
880 2716 1028 2801 principio
1041 2716 1198 2803 proposui,
1219 2716 1368 2803 egrediar,
1383 2715 1421 2781 li-

341 2836 388 2891 oet
401 2825 573 2894 nominibus
588 2826 694 2912 graecis
709 2826 851 2893 mulieres
865 2826 903 2891 ab
923 2845 960 2891 eo
982 2835 1149 2911 personatae
1163 2835 1315 2905 vocentur,
1339 2843 1419 2893 sem-

341 2955 396 3019 per
405 2935 457 3022 jus
471 2955 629 3017 romanum
643 2944 776 3021 crepant.
799 2932 878 2999 Audi
897 2933 1093 2999 Almmenam
1117 2933 1154 2999 de
1168 2933 1351 3020 protectione
1364 2952 1417 3005 sua

329 3114 331 3119 ,
344 3046 526 3131 loquentem.
545 3045 642 3113 Verba
655 3054 726 3110 sunt
738 3044 833 3131 ipsius
844 3042 963 3110 divortii
975 3044 1130 3112 termulae:

469 3248 568 3308 Valeas3
583 3248 626 3305 tibi
636 3249 725 3304 babeas
739 3262 778 3305 res
788 3256 856 3310 tuas3
867 3249 954 3305 reddas
967 3264 1042 3299 meas.

344 3429 533 3512 Repudium,
554 3439 587 3495 ut
611 3452 627 3495 a
649 3432 792 3498 Romanis
814 3432 961 3497 sancitum
975 3440 1050 3512 erat,
1064 3429 1346 3517 metuitlllyrrhina.
1362 3430 1419 3495 Se

343 3537 475 3603 cundum
487 3541 656 3605 Romanum
670 3559 785 3606 morem
797 3549 937 3625 parentes
947 3541 1098 3627 appellant
1109 3560 1184 3605 uxor
1195 3537 1374 3605 blenaecbmi
1387 3547 1417 3604 et

342 3646 484 3732 Dorippa.
501 3647 617 3713 Dotalis
631 3668 745 3728 servus,
758 3650 796 3716 de
817 3670 876 3736 quo
897 3649 1011 3717 mentio
1031 3649 1064 3715 fit
1076 3650 1109 3714 in
1129 3648 1279 3724 Asinaria,
1293 3646 1417 3713 omnino

344 3759 496 3837 Romanus
509 3764 565 3835 est,
582 3757 664 3837 Quid
675 3759 772 3835 dicam
786 3759 825 3826 de
836 3760 1042 3827 meretricibus
1053 3759 1161 3826 Tribus
1170 3758 1249 3825 Viris
1263 3756 1416 3844 subjectis,

234 3941 238 3947 ,
342 3873 393 3931 aut
407 3884 517 3936 nomen
531 3886 632 3939 coram
643 3867 731 3935 adite
753 3869 951 3935 mutantibus.
969 3868 1051 3949 Quid
1068 3866 1161 3940 vero?
1172 3876 1260 3955 poeta
1273 3866 1416 3944 comicus,

377 4119 384 4153 ¹
401 4118 431 4165 A.
442 4118 504 4168 Geli.
517 4119 585 4169 Nou.
598 4119 672 4169 Attic.
687 4119 733 4177 111,
750 4124 815 4169 3.-
829 4122 841 4155 ²
855 4122 949 4170 Terent.
964 4121 1042 4170 Andr.
1057 4122 1149 4184 prolog.
1164 4148 1195 4157 -
1207 4120 1219 4154 ⁸
1229 4120 1267 4169 ct.
1277 4127 1419 4182 argumenta

345 4215 358 4247 a
374 4199 478 4247 Boissier
488 4199 558 4249 allata
570 4234 577 4259 ,
591 4201 698 4250 Journal
707 4200 805 4263 pe'ue'rcl
816 4202 845 4250 dc
860 4201 1029 4251 l'lnetructiou
1041 4202 1169 4265 publicae,
1185 4206 1214 4252 st
1231 4202 1279 4265 mai
1295 4204 1370 4260 18593
1387 4200 1418 4249 cl.

345 4293 442 4341 quoque
452 4278 548 4342 ejudem
560 4280 645 4338 tlresim
658 4280 783 4339 Quomodo
794 4280 899 4330 Plautus
907 4282 1064 4336 transtulerit
1078 4281 1183 4340 Graecos,
1191 4280 1420 4344 1⁸57.-⁹Dubiet,

345 4357 369 4419 in
381 4357 477 4407 Praelat.
493 4358 559 4417 Quid
571 4360 649 4420 fucrit
658 4360 760 4422 familie
773 4360 886 4409 Romane
900 4364 1008 4422 tempore
1022 4361 1118 4420 Plauti,
1134 4364 1202 4408 1859.
