3250 5050
568 794 609 844 ll.
642 813 687 822 ···
715 794 764 844 DE
793 794 949 846 PUELLIS
985 795 1178 848 lNGENUlS.

379 1022 542 1090 Rarissime
565 1019 714 1104 virginem
737 1019 884 1097 liberam,
910 1041 998 1105 quae,
1021 1030 1182 1105 antequam
1204 1022 1233 1086 in
1257 1021 1417 1086 matrimo-

333 1132 418 1196 nium
442 1130 583 1207 daretur,
606 1126 688 1192 domi
711 1127 873 1206 manebat,
900 1129 1003 1211 procul
1024 1148 1086 1193 non
1109 1129 1199 1194 modo
1213 1150 1229 1192 a
1243 1129 1337 1209 viris,
1361 1131 1414 1195 sed

333 1239 425 1305 etiam
439 1236 588 1303 aleminis
600 1253 708 1321 parum
721 1233 839 1313 eastis¹‚
855 1235 949 1300 oculis
962 1255 1061 1300 caveae
1074 1236 1273 1321 subjiciebant
1285 1248 1411 1304 veteres.

332 1349 372 1413 Ut
385 1347 467 1411 intus
480 1343 586 1409 sedere
608 1341 752 1409 matronis
765 1351 829 1407 erat
839 1342 997 1422 decorum,
1016 1343 1057 1408 ita
1070 1344 1166 1408 multo
1179 1345 1277 1429 magis
1290 1345 1419 1430 virgini-

332 1458 405 1534 buS,
428 1455 559 1540 quibus,
579 1463 614 1518 ut
634 1461 755 1536 patrum
774 1461 922 1536 potestate
942 1452 1136 1538 mancipatis,
1152 1454 1235 1519 nulla
1249 1465 1335 1520 erant
1347 1455 1416 1540 jura

333 1562 534 1641 matronalia,
554 1581 610 1627 nec
627 1559 696 1626 ideo
715 1560 824 1643 saepius
845 1579 971 1644 magnas
984 1571 1084 1645 partes
1098 1562 1210 1627 babere
1227 1573 1365 1648 poterant
1386 1563 1418 1628 in

335 1674 457 1739 comicis
478 1671 656 1736 actionibus.
680 1669 759 1734 Sunt
777 1689 848 1733 vero
866 1669 898 1732 in
922 1669 1030 1735 sabulis
1052 1672 1151 1736 Plauti
1164 1674 1319 1739 nonnullae
1331 1677 1419 1760 puel-

333 1785 411 1847 lares
438 1798 593 1866 personae,
620 1797 695 1864 quas
723 1777 873 1842 nonullo
903 1777 1024 1843 nomine
1054 1777 1122 1845 licet
1144 1780 1223 1846 inter
1245 1783 1418 1850 meretrices

334 1891 478 1954 collocare
490 1939 498 1966 ,
510 1903 699 1971 quarumque
713 1883 780 1950 duae
802 1883 993 1968 potissimum
1005 1887 1190 1974 singularem
1203 1890 1342 1960 habitum
1353 1913 1416 1977 prae

335 1998 509 2076 scierunt,
533 1995 657 2060 Telestis
680 1995 711 2058 in
735 1993 880 2079 Epidico,
902 2005 932 2059 et
955 1995 987 2059 in
1009 1997 1117 2075 Persa,
1131 1998 1191 2062 filia
1205 2000 1383 2066 Saturionis.

381 2105 494 2171 Montio
507 2113 553 2171 est
571 2102 650 2189 apud
671 2103 813 2168 Plautum
837 2103 946 2168 sororis
969 2106 1146 2185 Lesbonici,
1171 2107 1203 2171 in
1217 2109 1416 2189 Trinumm0‚

335 2213 444 2300 Lysicli
463 2231 603 2297 sponsae,
627 2222 657 2274 et
678 2210 816 2276 Phaedrae
839 2210 870 2274 in
894 2212 1061 2277 Aulularia.
1087 2214 1126 2278 Ut
1149 2214 1212 2280 lere
1235 2236 1339 2282 omnes
1370 2218 1420 2282 in-

339 2341 446 2406 genuae
467 2319 618 2404 rirgines‚
646 2319 696 2384 illa
720 2339 781 2384 non
803 2318 867 2402 ipsa
888 2329 1028 2404 apparet,
1051 2340 1148 2407 neque
1163 2322 1327 2410 quidquam
1344 2324 1422 2390 dici-

337 2439 388 2494 tur
400 2447 459 2513 quo
470 2444 536 2491 eam
551 2426 652 2491 anime
667 2426 880 2512 concipiamus.
898 2427 1050 2492 Euclionis
1063 2449 1132 2493 rero
1145 2429 1206 2496 filia
1220 2433 1318 2496 locum
1330 2431 1422 2499 habet

338 2538 371 2601 in
385 2534 575 2601 sermonibus
589 2556 664 2600 anus
679 2534 795 2599 ancillae
809 2555 877 2619 quae
891 2534 996 2602 secreti
1010 2536 1076 2621 ejus
1088 2538 1236 2631 particeps
1245 2550 1304 2619 est,
1318 2545 1423 2625 Mega-

340 2644 466 2729 dorique
479 2643 531 2728 qui
546 2643 611 2707 vult
624 2661 690 2707 eam
705 2641 831 2721 ducere,
852 2652 882 2707 et
895 2643 1055 2727 Lyconidis
1068 2645 1120 2729 qui
1140 2661 1315 2731 peceatum,
1340 2650 1422 2734 quod

337 2754 369 2819 in
388 2773 455 2819 eam
476 2751 617 2828 admisit,
643 2751 812 2821 confitetur.
835 2755 917 2819 Inter
938 2772 991 2831 ea,
1006 2753 1116 2839 quibus
1126 2756 1191 2845 ejus
1202 2758 1352 2843 praecipue
1365 2779 1422 2823 na-

336 2872 405 2926 tura
418 2860 616 2950 exprimitur,
638 2860 747 2924 notabo
761 2858 903 2943 pietatem
917 2879 987 2944 erga
1001 2860 1109 2926 Larem
1124 2862 1302 2930 familiarem
1313 2918 1320 2944 ,
1331 2886 1423 2953 prop-

339 2980 385 3033 ter
408 2988 498 3055 quam
513 2968 540 3033 ei
556 2968 683 3053 gratiam
698 2966 789 3032 refert
804 2990 810 3029 :

527 3154 589 3203 lluic
599 3153 649 3202 filia
662 3166 713 3201 una
723 3160 772 3201 ests
786 3166 816 3201 ea
825 3154 884 3202 mibi
894 3154 981 3202 cotidie

527 3233 576 3284 Aut
589 3240 654 3290 ture,
665 3238 707 3281 aut
717 3232 784 3289 vino,
796 3239 841 3284 aut
853 3232 930 3295 aliqui
942 3234 1182 3298 somper'subplicat3

525 3314 571 3361 Dat
581 3313 642 3361 mihi
651 3326 769 3361 coronas:
784 3311 839 3373 ejus
852 3312 952 3361 honoris
967 3314 1042 3377 gratia

526 3392 593 3451 Feci,
607 3394 748 3441 thesaurum
760 3399 789 3439 ut
798 3392 837 3439 bic
848 3393 965 3454 reperiret
980 3392 1075 3451 Euclio,

525 3471 580 3530 Quo
589 3486 641 3521 eam
656 3472 752 3521 facilius
762 3472 879 3530 nubtum,
894 3472 915 3520 si
926 3474 1007 3531 vellet,
1021 3473 1089 3522 daret
1100 3477 1121 3521 ².

341 3651 518 3736 Megadorus
544 3670 610 3717 eam
632 3652 713 3717 ducit
734 3653 900 3717 indotatam
913 3653 966 3717 sed
983 3662 1065 3717 reete
1083 3662 1241 3719 morotum
1250 3654 1272 3719 ³.
1280 3657 1338 3744 xNil
1354 3677 1425 3724 vero

341 3760 471 3846 amplius
484 3759 590 3825 asseras
602 3782 609 3839 ;
622 3762 721 3845 puella
735 3770 781 3825 est
790 3759 909 3845 sapiens
923 3812 931 3840 ,
942 3759 1068 3826 honesta
1080 3812 1087 3839 ‚
1101 3764 1286 3842 verecunda,
1299 3764 1362 3849 pia,
1375 3766 1424 3831 cui

343 3891 391 3937 res
413 3868 520 3935 accidit
540 3870 619 3954 apud
641 3869 780 3955 antiquos
803 3869 1010 3954 frequentior3
1035 3890 1139 3937 verum
1149 3871 1231 3938 illius
1242 3871 1374 3938 indolem
1386 3894 1424 3939 ex

343 3978 509 4057 industria,
523 3988 553 4043 et
564 3988 598 4047 ut
610 3997 726 4047 morem
738 3988 931 4063 sequeretur,
947 3990 981 4050 ut
994 3979 1101 4064 opinor
1112 4032 1119 4059 ,
1132 3992 1219 4067 poeta
1231 4003 1293 4051 nou
1305 3983 1425 4070 plenius

347 4086 517 4150 illustravit.

322 4321 324 4325 '
377 4318 385 4352 ¹
403 4318 502 4379 Epidio.
514 4319 562 4377 ΙΙΙ,
577 4324 604 4377 3,
615 4324 646 4367 20
657 4329 679 4369 ot
695 4336 748 4383 sqq.
759 4348 789 4356 -
804 4321 817 4355 ²
830 4319 916 4369 Aulul.
930 4323 1026 4386 prolog.
1036 4327 1076 4372 28.
1087 4354 1117 4361 -
1133 4326 1193 4375 ³101.
1206 4325 1238 4385 ΙΙ,
1249 4327 1274 4382 2,
1283 4325 1324 4373 ⁶2.
