3250 5050
693 430 736 440 -
762 390 781 452 7
807 427 851 438 .-

237 542 321 620 patre
333 553 420 600 suum
433 554 518 612 esse;
543 533 707 617 sepissime
727 542 831 616 partus
848 532 1115 609 dissimulabatur,
1140 531 1239 596 inians
1260 551 1313 596 ex-

236 638 418 720 ponebatur,
441 646 492 702 aut
516 636 688 701 tradebatur
701 635 850 701 meretrici
864 685 871 711 ,
883 643 917 707 ut
930 632 963 698 fit
976 633 1008 697 in
1021 635 1212 699 Truculento.
1229 638 1314 700 Non-

236 763 392 829 nunquam
414 764 485 810 eum
508 765 588 828 agre
608 752 704 810 mater
720 743 883 821 educabat,
897 741 990 806 tristis
1003 752 1033 808 et
1046 742 1206 807 infamata¹
1222 762 1313 827 prop

236 860 282 916 ter
302 852 408 917 vitium
431 862 483 917 aut
502 851 654 937 injuriam.
679 851 840 917 Accidebat
862 871 981 937 quoque
1005 860 1039 916 ut
1064 871 1136 916 casu
1159 852 1310 937 quodam,

236 960 366 1046 exempli
388 980 495 1038 cansa,
520 960 618 1039 bello,
638 958 699 1024 lilia
721 959 919 1024 amitteretur.

280 1069 423 1135 Videmus
443 1069 474 1133 in
495 1068 661 1135 Cistellaria
677 1069 836 1134 mulierem
856 1067 929 1134 olim
950 1068 1104 1148 delusam,
1131 1068 1313 1153 tandemque

236 1199 252 1242 a
276 1196 479 1262 compressore
507 1187 677 1262 receptam,
700 1187 885 1263 quaerentem
912 1176 1005 1241 filiam
1026 1177 1174 1261 permissu
1197 1175 1309 1242 mariti.

236 1285 300 1352 Nisi
315 1295 347 1351 ut
360 1304 494 1364 servum,
508 1286 555 1350 cni
568 1305 601 1350 ea
614 1305 684 1351 eura
699 1287 912 1369 mandataest,
928 1285 1095 1350 instimulet
1106 1335 1113 1362 ,
1126 1294 1178 1350 aut
1191 1293 1225 1348 ut
1241 1284 1315 1349 sciat

234 1397 308 1481 quid
324 1397 473 1474 effecerit,
496 1416 556 1461 non
577 1397 676 1481 prodit
689 1396 898 1463 Phanostrata.
925 1400 992 1480 lpsa
1012 1414 1132 1481 quoque
1149 1395 1231 1480 prior
1248 1415 1314 1460 cre-

235 1507 346 1591 pundia
367 1507 501 1592 agnoscit
523 1526 540 1570 e
562 1517 641 1573 terra
654 1528 670 1571 a
683 1507 878 1590 Lampadisco
892 1508 1018 1572 sublata.
1035 1509 1070 1571 ln
1083 1526 1118 1571 ea
1131 1506 1313 1591 praecipuam

236 1618 297 1681 vim
318 1617 408 1682 babet
427 1627 580 1682 maternus
599 1635 682 1680 amor
697 1637 704 1678 :
722 1615 847 1682 artificio
866 1617 959 1700 igitur
977 1626 1072 1700 poetae
1091 1616 1177 1680 docto
1199 1624 1230 1680 et
1251 1615 1313 1680 cal-

236 1723 316 1802 lido,
339 1745 373 1789 ea
397 1725 579 1810 crepundia,
603 1742 671 1809 quae
690 1725 764 1801 sint,
780 1724 930 1809 perspicit.
957 1725 1023 1789 Una
1039 1733 1085 1788 est
1097 1732 1210 1801 mater,
1225 1724 1313 1809 eujus

235 1833 314 1898 oculi
337 1834 377 1898 ita
400 1835 592 1918 pervideant,
615 1843 662 1912 ut,
677 1833 787 1919 elapsis
805 1843 868 1897 tam
889 1833 992 1898 multis
1006 1832 1112 1913 annis,
1127 1851 1192 1897 rem
1204 1852 1313 1917 agnos-

235 1952 300 2022 cat,
315 1961 406 2030 quam
418 1963 479 2008 uno
491 1953 609 2007 tantum
623 1952 775 2007 momento
790 1942 963 2025 conspexit,
985 1960 1079 2026 quum
1094 1925 1114 2007 a'
1131 1940 1192 2005 filia
1210 1940 1313 2026 sejun-

236 2060 367 2133 geretur,
393 2051 491 2116 Sensu
509 2051 560 2116 illo
584 2060 716 2115 ceterum
740 2050 805 2136 ejus
829 2051 947 2114 animus
968 2057 1102 2114 versatus
1120 2058 1166 2113 est
1186 2056 1216 2113 et
1234 2050 1312 2112 mol-

235 2157 317 2224 litus.
342 2161 407 2224 Non
428 2158 457 2223 ei
476 2169 521 2224 est
539 2160 749 2244 plerarumque
772 2167 978 2222 matronarum
999 2157 1152 2241 asperitas.
1178 2155 1248 2223 Sive
1274 2157 1311 2221 ad

234 2265 371 2332 babiturn
394 2266 459 2353 ejus
481 2267 622 2352 respicias
634 2319 641 2347 ,
655 2266 717 2331 sire
729 2267 766 2332 ad
777 2265 956 2350 paucissima
977 2266 1067 2330 rerba
1087 2283 1156 2349 quae
1176 2264 1309 2350 promit,

234 2375 310 2440 lenis
324 2375 556 2460 deprehenditur
570 2375 647 2441 inea
664 2375 807 2459 gravitas,
823 2374 999 2459 dignissima
1014 2373 1052 2438 ad
1070 2391 1162 2457 quam
1174 2371 1311 2436 animad-

235 2492 342 2549 vertas.
361 2483 493 2549 Sollicita
506 2483 563 2549 luit
576 2492 643 2548 actu
655 2482 785 2549 seeundo
799 2505 806 2562 ;
820 2483 925 2562 tertio,
936 2480 1037 2549 laetitia
1049 2481 1188 2546 exsultat.

640 2668 670 2717 Di
683 2667 783 2717 obsecro
796 2674 902 2717 rostram
914 2667 1007 2717 fidem!

303 2776 333 2789 —
344 2747 407 2806 Quid
418 2747 476 2798 deos
493 2748 621 2797 obsecras?
634 2774 662 2785 -
677 2748 774 2798 Servate
786 2763 878 2799 nos.-
890 2749 952 2808 Quid
963 2749 1016 2805 estl
1029 2775 1059 2787 -
1072 2748 1214 2812 Crepundia,

299 2828 356 2877 llaec
372 2834 441 2886 sunt,
455 2828 600 2889 quibuscum
615 2835 641 2877 tu
653 2830 760 2877 extulisti
773 2835 880 2877 nostram
893 2829 992 2879 filiolam
1004 2829 1035 2877 ad
1047 2843 1141 2879 necem.

299 2933 330 2947 ··-
342 2906 474 2957 Sanan'es?
485 2934 515 2944 -
525 2908 583 2957 llaec
595 2916 652 2957 sunt
664 2909 782 2971 prolecto.
793 2936 823 2946 -
833 2908 944 2971 Pergin’?
957 2934 987 2945 -
1000 2910 1058 2957 llaec
1070 2916 1173 2958 sunt-
1181 2906 1206 2957 Si
1218 2908 1278 2957 mibi

298 2988 353 3037 Alia
365 2988 452 3039 mulier
465 2990 524 3039 istoc
536 2997 607 3051 pacto
616 2988 691 3047 dicat,
703 2990 780 3039 dicam
790 3003 843 3039 esse
854 2989 955 3039 ebriam.

300 3092 329 3104 -
343 3068 411 3128 Non,
425 3076 536 3126 ecastor,
549 3083 616 3117 cassa
627 3082 735 3120 memoro
750 3084 757 3117 ι
770 3083 841 3129 nam,
854 3068 968 3128 obscero,
982 3069 1047 3119 undo
1057 3069 1109 3119 hac
1121 3069 1245 3132 gentium?

301 3152 349 3196 Aut
361 3149 415 3209 quis
424 3148 489 3197 Deus
499 3148 586 3211 objecit
600 3149 662 3197 hanc
674 3156 730 3197 ante
743 3148 833 3197 ostium
847 3148 972 3196 nostrum?
985 3150 1055 3210 quasi

299 3226 383 3275 Dedita
394 3241 467 3290 opera
478 3229 504 3276 in
517 3235 624 3291 ternpore
636 3229 689 3291 ipso
702 3227 760 3291 Spes
772 3229 832 3277 mibi
845 3236 927 3279 sancta
940 3228 1085 3279 subvenite

234 3404 274 3471 Se
288 3408 400 3490 prabet
408 3427 480 3492 erga
491 3410 642 3477 Haliscam
651 3413 756 3478 mitem
764 3421 794 3478 et
805 3411 1039 3478 misericordem.
1051 3408 1308 3509 Gobibet-servum

235 3514 376 3581 miseram
397 3518 631 3601 interrogantem
648 3531 680 3586 et
687 3517 883 3606 'turbantem³
898 3541 904 3582 z

299 3700 354 3751 Sine
367 3701 439 3752 dieat.
450 3732 481 3739 -
494 3704 519 3754 Si
529 3704 591 3753 dieat
601 3705 708 3771 quidem.
718 3734 748 3743 —
760 3706 825 3769 Age,
838 3704 937 3767 loquere
950 3713 991 3766 tu,
1004 3705 1063 3769 quid
1075 3706 1109 3755 ibi
1119 3706 1229 3756 infuerit.

299 3780 432 3830 Commoda
443 3783 563 3845 loquelam
578 3792 658 3846 tuam;
675 3785 716 3833 tibi
730 3799 794 3833 nunc
807 3785 927 3847 proderit;
938 3786 1083 3834 eonfitemur

298 3860 420 3910 Cistellam
432 3862 529 3913 habere.

300 3938 335 3989 Ne
345 3941 485 4005 obloquere.

270 4153 277 4187 ¹
293 4154 327 4203 Ea
339 4161 391 4203 tum
405 4171 541 4219 compressa
555 4166 618 4221 pant
631 4159 687 4207 huic
700 4174 817 4221 puerum,
831 4161 875 4209 sibi
890 4161 1015 4222 probrum.
1030 4158 1112 4207 Coeeil.
1126 4160 1166 4216 ab,
1179 4154 1235 4204 Otto
1250 4156 1306 4203 nib.

237 4235 313 4294 berk,
324 4236 427 4297 Frupm.
443 4238 536 4287 Gorrtic.
551 4240 636 4288 Latin.

269 4316 280 4351 ‘l
294 4314 441 4376 coterelli,
455 4321 476 4376 l,
489 4322 528 4368 tl.
540 4346 570 4355 —·
584 4320 595 4353 3
608 4319 645 4367 Id.
659 4320 695 4369 id.
706 4325 730 4380 2,
743 4324 783 4379 68,
799 4323 838 4378 75,
850 4322 890 4369 85.
