3250 5050
799 407 957 468 -5-

341 543 480 628 Dorippee
493 544 592 626 evenit
605 552 697 608 utres
710 545 809 628 palam
820 543 891 620 frat,
906 542 1066 628 maritique
1078 543 1247 609 innocentia
1257 545 1415 610 manifesta

342 651 392 715 sit.
417 653 470 716 llla
493 661 608 732 tamen,
634 672 806 738 quanquam
830 653 979 729 clamosa,
1004 672 1065 716 non
1092 651 1205 718 accedit
1226 652 1264 729 ad
1288 672 1415 718 uxorem

247 793 250 799 ·
341 759 530 824 Menaechmi.
555 760 641 842 Certe
664 760 867 826 Menaechmus
880 759 962 824 haud
984 759 1138 830 immerito
1158 779 1227 824 reus
1251 769 1318 838 est;
1338 779 1418 824 uru-

341 885 405 934 rem
429 877 530 934 autem
557 869 581 934 si
602 869 722 944 audies,
742 888 812 935 eum
833 868 895 933 1616
917 877 1091 932 excusatum
1112 869 1217 933 voles:

466 1051 528 1100 Nam
537 1053 649 1114 quotiens
660 1052 769 1101 16166116
782 1053 855 1111 volo,
868 1066 907 1101 me
920 1053 1022 1111 retines,
1035 1066 1152 1124 revocas,
1163 1054 1253 1116 rogitas
1267 1070 1275 1102 r

529 1133 581 1192 Quo
591 1148 633 1196 ego
647 1147 714 1192 earn,
727 1147 800 1196 quarn
810 1148 862 1182 rem
874 1148 956 1195 agaim
969 1133 1027 1197 quid
1041 1135 1120 1197 negoti
1133 1149 1231 1197 geram,

528 1213 590 1273 Quid
600 1221 694 1277 petam,
708 1214 766 1277 quid
778 1215 871 1275 leram,
883 1214 942 1278 quid
955 1215 1014 1264 16116
1029 1217 1117 1277 egerim
1128 1217 1149 1262 ¹.

342 1378 467 1454 Nonne,
491 1377 627 1462 quamvis
642 1377 767 1442 maritus
786 1377 882 1462 culpae
903 1377 1039 1444 conscius
1056 1377 1105 1450 sit,
1119 1378 1197 1441 ultra
1216 1378 1340 1442 modum
1352 1377 1416 1463 ipsa
1481 1375 1489 1384 “

341 1503 411 1550 eum
434 1487 642 1571 persequitur,
672 1486 860 1571 impellitque
881 1497 916 1551 ut
940 1488 1040 1552 locum
1061 1496 1198 1572 quaerat,
1221 1487 1273 1552 ubi
1297 1486 1354 1552 sibi
1378 1486 1417 1551 sit

342 1591 481 1657 melius‘l
502 1597 592 1659 Pater
617 1593 751 1659 mulieris
774 1594 892 1658 videtur
912 1594 982 1660 filiae
1002 1603 1142 1659 naturam
1158 1593 1326 1660 incusare:
1512 1580 1515 1584 ’

530 1781 566 1828 116
579 1782 644 1829 istaec
653 1783 746 1840 solent,
760 1796 817 1845 quae
829 1784 894 1831 viros
907 1781 1043 1830 subservire

531 1859 580 1909 Sibi
592 1862 729 1922 postulant,
741 1861 797 1910 dote
809 1863 893 1918 fretae,
907 1860 1008 1909 16166616
1022 1861 1043 1906 2.

717 1940 834 2000 Quotiens
846 1940 910 1990 edixi
925 1939 1022 1989 tandem
1035 1941 1091 1998 tibi,

469 2019 500 2066 Ut
516 2033 611 2067 caveres
618 2053 626 2077 ,
637 2027 720 2068 neuter
733 2020 763 2068 ad
776 2034 815 2070 me
826 2021 894 2069 iretis
908 2036 964 2070 eum
977 2022 1128 2083 querimonia
1141 2019 1169 2068 ³?

872 2099 977 2150 Servirin
993 2101 1037 2149 tibi

468 2176 579 2225 Postulas
591 2178 673 2225 viros?
688 2177 744 2226 dare
757 2180 792 2227 illi
803 2194 851 2228 una
864 2194 938 2241 opera
947 2194 1050 2242 pensum
1060 2181 1183 2241 postules,

468 2257 534 2306 lnter
544 2259 642 2306 ancillas
655 2259 737 2308 sedere
749 2261 851 2323 jubeas,
863 2261 943 2309 lanam
954 2275 1034 2309 carere
1046 2260 1067 2308 ⁴.

344 2420 471 2486 Difficile
495 2423 645 2508 excogites
666 2422 824 2488 mulierem
847 2425 944 2508 magis
960 2424 1013 2489 irae
1033 2425 1187 2500 deditam,
1204 2423 1420 2503 molestiorem,

340 2531 408 2616 jure
429 2552 483 2595 suo
505 2532 601 2617 magis
623 2533 805 2598 abutentem.
832 2534 1000 2620 Adjuvante
1021 2535 1142 2599 tandem
1170 2544 1273 2617 patre,
1297 2543 1331 2599 ut
1355 2537 1421 2599 Me-

345 2639 516 2705 naechmum
540 2641 700 2720 conviciis,
725 2642 860 2726 probris,
885 2642 1051 2708 maledictis
1067 2640 1217 2728 exagitat!
1234 2644 1309 2721 Quis
1323 2644 1420 2709 obdu-

345 2757 409 2828 ret,
438 2749 654 2827 etiamsinon,
680 2761 712 2815 61
722 2751 886 2829 Sosiclem,
914 2770 983 2815 eum
1001 2750 1198 2837 improvisum
1228 2750 1420 2836 aggrediatur

345 2856 395 2922 ille
414 2857 572 2943 impetus?

391 2966 429 3028 At
444 2986 502 3030 non
524 2966 698 3033 iracundam
717 2970 806 3034 modo
818 2978 848 3033 et
859 2968 1043 3053 suspicacem
1064 2988 1189 3036 uxorem
1203 2968 1319 3036 effinxit
1330 2970 1423 3033 Plau-

348 3082 392 3138 tus
409 3096 417 3152 ;
433 3083 503 3138 sunt
516 3074 582 3141 aliae
596 3095 731 3159 personae
745 3078 925 3143 matronales
936 3077 1046 3160 quibus
1058 3077 1116 3142 alia
1128 3078 1242 3162 species
1253 3086 1308 3141 est.

392 3182 589 3249 Notissimum
617 3193 662 3247 est
687 3183 758 3269 quid
787 3203 866 3268 saepe
889 3184 1029 3250 acciderit
1053 3184 1162 3251 inillis
1183 3185 1314 3270 vigiliis,
1342 3183 1421 3268 apud

346 3290 483 3375 antiquas
505 3291 665 3375 religiones
690 3290 912 3372 usitatissimis,
940 3312 1009 3376 quae
1032 3292 1146 3377 flagitia
1171 3294 1203 3358 in
1226 3294 1269 3358 eis
1293 3290 1422 3357 admissa

346 3400 417 3463 sint.
443 3400 525 3464 Adde
547 3401 620 3485 quid
644 3401 756 3466 iactum
779 3400 869 3466 fuerit
893 3402 930 3466 de
954 3400 1085 3481 femina,
1110 3423 1144 3468 ea
1167 3410 1254 3467 aetate
1278 3419 1338 3486 qua
1357 3400 1423 3465 vio-

283 3521 285 3523 ·
347 3510 438 3573 lentie
463 3509 596 3574 virorum
618 3510 713 3575 inulta
731 3510 862 3576 maxime
881 3512 1023 3596 pollebat.
1049 3514 1121 3577 Post
1144 3510 1258 3576 illatam
1271 3511 1350 3589 vim,
1371 3519 1423 3574 aut

346 3628 484 3704 stuprum
493 3619 756 3703 pollicitationibus
768 3621 961 3707 impetratum
974 3675 982 3702 ,
997 3626 1174 3690 nascebatur
1193 3645 1279 3710 puer,
1294 3630 1423 3708 negante

379 3852 388 3887 ¹
403 3854 547 3904 Meneclem.
560 3856 584 3913 1,
600 3860 625 3914 1,
639 3860 662 3904 5.
677 3856 815 3907 Secundum
828 3858 905 3909 Palat.
915 3858 992 3909 Codd.
1007 3873 1022 3907 a
1036 3859 1294 3910 llitscbeliolaudatos.

380 3938 521 3988 1116616611.
537 3940 567 3991 V.
581 3944 606 3999 il,
619 3943 657 3988 td.
671 3968 701 3975 -
714 3940 726 3974 ³
738 3941 776 3989 Id.
789 3942 820 3991 V.
831 3946 859 4002 ἢ,
871 3947 912 3992 31.

279 4010 281 4013 ’
380 4018 392 4053 ⁴
405 4020 444 4068 ld.
457 4020 487 4071 V.
501 4024 526 4075 2.
537 4023 578 4069 11.
589 4020 694 4070 Servirin
705 4035 749 4084 pro
763 4022 953 4072 servirebabent
967 4031 1015 4072 tres
1028 4023 1186 4086 manuscripti
1195 4023 1289 4073 codices
1303 4024 1420 4086 antiquis·

349 4095 419 4154 simi,
429 4097 518 4145 laudati
531 4088 903 4147 a'Ritscbelio.-Eruditissimi
915 4100 960 4147 viri
977 4100 1104 4150 lectionem
1119 4101 1245 4162 usurpavi,
1258 4101 1421 4163 quotiescum·

349 4187 396 4234 que
404 4187 509 4236 congrua
521 4184 557 4224 est
565 4191 620 4225 cum
628 4178 800 4239 antiquissimis
809 4186 833 4227 61
843 4179 941 4242 optimis
946 4179 1078 4230 codicibus.
1085 4180 1227 4244 Quanquam
1238 4180 1268 4229 de
1279 4195 1308 4229 66
1318 4180 1421 4228 sentien-

349 4252 408 4300 dum
426 4268 477 4303 esse
493 4255 569 4305 fateor
586 4256 652 4318 quod
664 4256 724 4305 disit
739 4257 769 4306 de
785 4258 872 4307 Botbio
886 4259 1010 4309 Nandetus
1035 4261 1060 4309 in
1077 4261 1217 4323 praelatione
1233 4260 1350 4309 Plautinae
1371 4274 1423 4308 suae

351 4329 470 4393 editionis,
486 4334 548 4383 Bibl.
562 4334 680 4383 Lemaire.
