<?xml version="1.0" encoding="UTF-8"?>
<!DOCTYPE html PUBLIC "-//W3C//DTD XHTML 1.0 Transitional//EN"
    "http://www.w3.org/TR/xhtml1/DTD/xhtml1-transitional.dtd">
<html xmlns="http://www.w3.org/1999/xhtml" xml:lang="en" lang="en">
 <head>
  <title>
</title>
<meta http-equiv="Content-Type" content="text/html;charset=utf-8" />
  <meta name='ocr-system' content='tesseract 3.04.00' />
  <meta name='ocr-capabilities' content='ocr_page ocr_carea ocr_par ocr_line ocrx_word'/>
</head>
<body>
  <div class='ocr_page' id='page_1' title='image "./depersonismulie00benogoog_0061.png"; bbox 0 0 3250 5050; ppageno 0'>
   <div class='ocr_carea' id='block_1_1' title="bbox 664 409 846 473">
    <p class='ocr_par' dir='ltr' id='par_1_1' title="bbox 664 409 846 473">
     <span class='ocr_line' id='line_1_1' title="bbox 664 409 846 473; baseline 0.016 -17"><span class='ocrx_word' id='word_1_1' title='bbox 664 409 846 473; x_wconf 55' lang='grc'>..49-</span> 
     </span>
    </p>
   </div>
   <div class='ocr_carea' id='block_1_2' title="bbox 217 593 1055 1018">
    <p class='ocr_par' dir='ltr' id='par_1_2' title="bbox 217 593 1055 1018">
     <span class='ocr_line' id='line_1_2' title="bbox 342 593 1055 657; baseline -0.004 -15"><span class='ocrx_word' id='word_1_2' title='bbox 342 593 400 643; x_wconf 90' lang='lat' dir='ltr'>Nam</span> <span class='ocrx_word' id='word_1_3' title='bbox 412 595 522 657; x_wconf 76' lang='lat' dir='ltr'>equidem</span> <span class='ocrx_word' id='word_1_4' title='bbox 534 595 616 657; x_wconf 82' lang='lat' dir='ltr'>tejam</span> <span class='ocrx_word' id='word_1_5' title='bbox 630 607 718 656; x_wconf 81' lang='lat' dir='ltr'>sequor</span> <span class='ocrx_word' id='word_1_6' title='bbox 731 595 844 656; x_wconf 90' lang='lat' dir='ltr'>quintum</span> <span class='ocrx_word' id='word_1_7' title='bbox 857 595 921 642; x_wconf 86' lang='lat' dir='ltr'>bunc</span> <span class='ocrx_word' id='word_1_8' title='bbox 935 607 1025 642; x_wconf 89' lang='lat' dir='ltr'>annum</span> <span class='ocrx_word' id='word_1_9' title='bbox 1036 593 1055 639; x_wconf 80' lang='lat'>¹.</span> 
     </span>
     <span class='ocr_line' id='line_1_3' title="bbox 217 757 539 837; baseline -0.006 -15"><span class='ocrx_word' id='word_1_10' title='bbox 217 757 296 837; x_wconf 86' lang='lat' dir='ltr'>Quid</span> <span class='ocrx_word' id='word_1_11' title='bbox 307 758 426 835; x_wconf 88' lang='lat' dir='ltr'>sentiat,</span> <span class='ocrx_word' id='word_1_12' title='bbox 443 758 539 823; x_wconf 86' lang='lat' dir='ltr'>novit:</span> 
     </span>
     <span class='ocr_line' id='line_1_4' title="bbox 298 942 933 1018; baseline -0.009 -24"><span class='ocrx_word' id='word_1_13' title='bbox 298 1013 301 1018; x_wconf 23' lang='grc' dir='ltr'>Ι</span> <span class='ocrx_word' id='word_1_14' title='bbox 342 943 430 1002; x_wconf 81' lang='lat' dir='ltr'>Amas,</span> <span class='ocrx_word' id='word_1_15' title='bbox 441 945 496 1008; x_wconf 91' lang='lat' dir='ltr'>pol,</span> <span class='ocrx_word' id='word_1_16' title='bbox 507 945 593 994; x_wconf 86' lang='lat' dir='ltr'>misera</span> <span class='ocrx_word' id='word_1_17' title='bbox 605 959 612 991; x_wconf 90' lang='lat'><strong>:</strong></span> <span class='ocrx_word' id='word_1_18' title='bbox 624 944 648 993; x_wconf 93' lang='lat' dir='ltr'>id</span> <span class='ocrx_word' id='word_1_19' title='bbox 658 951 714 992; x_wconf 92' lang='lat' dir='ltr'>tuos</span> <span class='ocrx_word' id='word_1_20' title='bbox 724 949 798 992; x_wconf 92' lang='lat' dir='ltr'>scatet</span> <span class='ocrx_word' id='word_1_21' title='bbox 808 943 904 992; x_wconf 89' lang='lat' dir='ltr'>animus</span> <span class='ocrx_word' id='word_1_22' title='bbox 912 942 933 988; x_wconf 77' lang='lat'>².</span> 
     </span>
    </p>
   </div>
   <div class='ocr_carea' id='block_1_3' title="bbox 215 1106 1294 1358">
    <p class='ocr_par' dir='ltr' id='par_1_3' title="bbox 215 1106 1294 1358">
     <span class='ocr_line' id='line_1_5' title="bbox 215 1106 627 1192; baseline -0.005 -20"><span class='ocrx_word' id='word_1_23' title='bbox 215 1106 345 1192; x_wconf 84' lang='lat' dir='ltr'><strong>Ideoque</strong></span> <span class='ocrx_word' id='word_1_24' title='bbox 359 1107 387 1174; x_wconf 93' lang='lat' dir='ltr'>ei</span> <span class='ocrx_word' id='word_1_25' title='bbox 400 1107 555 1174; x_wconf 89' lang='lat' dir='ltr'>conciliata</span> <span class='ocrx_word' id='word_1_26' title='bbox 567 1118 627 1174; x_wconf 91' lang='lat' dir='ltr'>est:</span> 
     </span>
     <span class='ocr_line' id='line_1_6' title="bbox 339 1290 1294 1358; baseline -0.003 -16"><span class='ocrx_word' id='word_1_27' title='bbox 339 1293 410 1344; x_wconf 83' lang='lat' dir='ltr'>corto</span> <span class='ocrx_word' id='word_1_28' title='bbox 422 1294 443 1344; x_wconf 91' lang='lat' dir='ltr'>is</span> <span class='ocrx_word' id='word_1_29' title='bbox 452 1293 551 1358; x_wconf 89' lang='lat' dir='ltr'>quidem</span> <span class='ocrx_word' id='word_1_30' title='bbox 562 1293 632 1344; x_wconf 89' lang='lat' dir='ltr'>nihili</span> <span class='ocrx_word' id='word_1_31' title='bbox 642 1293 742 1357; x_wconf 89' lang='lat' dir='ltr'>est,qui</span> <span class='ocrx_word' id='word_1_32' title='bbox 752 1293 811 1342; x_wconf 89' lang='lat' dir='ltr'>nihil</span> <span class='ocrx_word' id='word_1_33' title='bbox 821 1297 900 1352; x_wconf 86' lang='lat' dir='ltr'>amat;</span> <span class='ocrx_word' id='word_1_34' title='bbox 911 1290 970 1354; x_wconf 88' lang='lat' dir='ltr'>qnid</span> <span class='ocrx_word' id='word_1_35' title='bbox 980 1291 1002 1340; x_wconf 90' lang='lat' dir='ltr'>ei</span> <span class='ocrx_word' id='word_1_36' title='bbox 1012 1291 1173 1354; x_wconf 86' lang='lat' dir='ltr'>hominiopus</span> <span class='ocrx_word' id='word_1_37' title='bbox 1183 1292 1294 1341; x_wconf 81' lang='lat' dir='ltr'>vita&#39;st³l</span> 
     </span>
    </p>
   </div>
   <div class='ocr_carea' id='block_1_4' title="bbox 218 1454 1294 1978">
    <p class='ocr_par' dir='ltr' id='par_1_4' title="bbox 219 1454 1294 1657">
     <span class='ocr_line' id='line_1_7' title="bbox 219 1454 1294 1541; baseline -0.002 -21"><span class='ocrx_word' id='word_1_38' title='bbox 219 1456 389 1520; x_wconf 85' lang='lat' dir='ltr'>Humanam</span> <span class='ocrx_word' id='word_1_39' title='bbox 415 1456 606 1535; x_wconf 83' lang='lat' dir='ltr'><strong>sententiam,</strong></span> <span class='ocrx_word' id='word_1_40' title='bbox 633 1465 778 1540; x_wconf 91' lang='lat' dir='ltr'>qnantum</span> <span class='ocrx_word' id='word_1_41' title='bbox 802 1463 1000 1541; x_wconf 86' lang='lat' dir='ltr'>potestesse,</span> <span class='ocrx_word' id='word_1_42' title='bbox 1028 1454 1090 1520; x_wconf 93' lang='lat' dir='ltr'>imo</span> <span class='ocrx_word' id='word_1_43' title='bbox 1115 1454 1294 1520; x_wconf 79' lang='lat' dir='ltr'>muliebrem</span> 
     </span>
     <span class='ocr_line' id='line_1_8' title="bbox 219 1565 357 1632; baseline -0.003 -2"><span class='ocrx_word' id='word_1_44' title='bbox 219 1565 357 1632; x_wconf 93' lang='lat' dir='ltr'>dixerim.</span> 
     </span>
    </p>

    <p class='ocr_par' dir='ltr' id='par_1_5' title="bbox 218 1672 1294 1978">
     <span class='ocr_line' id='line_1_9' title="bbox 264 1672 1294 1761; baseline -0.003 -21"><span class='ocrx_word' id='word_1_45' title='bbox 264 1677 361 1740; x_wconf 86' lang='lat' dir='ltr'>Movet</span> <span class='ocrx_word' id='word_1_46' title='bbox 375 1694 493 1760; x_wconf 95' lang='lat' dir='ltr'>quoque</span> <span class='ocrx_word' id='word_1_47' title='bbox 507 1674 642 1740; x_wconf 92' lang='lat' dir='ltr'>animum</span> <span class='ocrx_word' id='word_1_48' title='bbox 661 1675 757 1761; x_wconf 90' lang='lat' dir='ltr'>pietas</span> <span class='ocrx_word' id='word_1_49' title='bbox 778 1695 849 1760; x_wconf 83' lang='lat' dir='ltr'>erga</span> <span class='ocrx_word' id='word_1_50' title='bbox 873 1673 1108 1740; x_wconf 89' lang='lat' dir='ltr'>adolescentulas</span> <span class='ocrx_word' id='word_1_51' title='bbox 1131 1672 1232 1737; x_wconf 89' lang='lat' dir='ltr'>habita</span> <span class='ocrx_word' id='word_1_52' title='bbox 1257 1673 1294 1737; x_wconf 93' lang='lat' dir='ltr'>ab</span> 
     </span>
     <span class='ocr_line' id='line_1_10' title="bbox 218 1780 1294 1850; baseline -0.003 -4"><span class='ocrx_word' id='word_1_53' title='bbox 218 1803 277 1847; x_wconf 90' lang='lat' dir='ltr'>anu</span> <span class='ocrx_word' id='word_1_54' title='bbox 292 1782 478 1850; x_wconf 82' lang='lat' dir='ltr'>Giddeneme</span> <span class='ocrx_word' id='word_1_55' title='bbox 492 1801 561 1848; x_wconf 90' lang='lat' dir='ltr'>cum</span> <span class='ocrx_word' id='word_1_56' title='bbox 589 1781 648 1849; x_wconf 94' lang='lat' dir='ltr'>illis</span> <span class='ocrx_word' id='word_1_57' title='bbox 671 1783 744 1849; x_wconf 92' lang='lat' dir='ltr'>olim</span> <span class='ocrx_word' id='word_1_58' title='bbox 770 1784 802 1848; x_wconf 93' lang='lat' dir='ltr'>in</span> <span class='ocrx_word' id='word_1_59' title='bbox 828 1782 983 1849; x_wconf 82' lang='lat' dir='ltr'>servitium</span> <span class='ocrx_word' id='word_1_60' title='bbox 1002 1782 1139 1848; x_wconf 91' lang='lat' dir='ltr'>abducta.</span> <span class='ocrx_word' id='word_1_61' title='bbox 1159 1780 1294 1847; x_wconf 93' lang='lat' dir='ltr'>Notanda</span> 
     </span>
     <span class='ocr_line' id='line_1_11' title="bbox 218 1891 1024 1978; baseline -0.002 -23"><span class='ocrx_word' id='word_1_62' title='bbox 218 1901 287 1956; x_wconf 90' lang='lat' dir='ltr'>sunt</span> <span class='ocrx_word' id='word_1_63' title='bbox 296 1912 362 1977; x_wconf 81' lang='lat' dir='ltr'>quae</span> <span class='ocrx_word' id='word_1_64' title='bbox 376 1892 472 1977; x_wconf 89' lang='lat' dir='ltr'>prima</span> <span class='ocrx_word' id='word_1_65' title='bbox 488 1891 577 1958; x_wconf 89' lang='lat' dir='ltr'>verba</span> <span class='ocrx_word' id='word_1_66' title='bbox 591 1892 752 1978; x_wconf 82' lang='lat' dir='ltr'>expromit,</span> <span class='ocrx_word' id='word_1_67' title='bbox 763 1892 836 1957; x_wconf 90' lang='lat' dir='ltr'>hero</span> <span class='ocrx_word' id='word_1_68' title='bbox 850 1899 1024 1976; x_wconf 90' lang='lat' dir='ltr'>conspecto:</span> 
     </span>
    </p>
   </div>
   <div class='ocr_carea' id='block_1_5' title="bbox 342 2064 1021 2368">
    <p class='ocr_par' dir='ltr' id='par_1_6' title="bbox 342 2064 828 2128">
     <span class='ocr_line' id='line_1_12' title="bbox 342 2064 828 2128; baseline -0.002 -15"><span class='ocrx_word' id='word_1_69' title='bbox 342 2065 395 2114; x_wconf 85' lang='lat' dir='ltr'>Tua</span> <span class='ocrx_word' id='word_1_70' title='bbox 406 2066 484 2128; x_wconf 84' lang='lat' dir='ltr'>pietas</span> <span class='ocrx_word' id='word_1_71' title='bbox 496 2065 568 2116; x_wconf 88' lang='lat' dir='ltr'>nobis</span> <span class='ocrx_word' id='word_1_72' title='bbox 577 2065 650 2128; x_wconf 87' lang='lat' dir='ltr'>plane</span> <span class='ocrx_word' id='word_1_73' title='bbox 661 2064 752 2114; x_wconf 85' lang='lat' dir='ltr'>anxilio</span> <span class='ocrx_word' id='word_1_74' title='bbox 766 2064 828 2122; x_wconf 83' lang='lat' dir='ltr'>fuit,</span> 
     </span>
    </p>

    <p class='ocr_par' dir='ltr' id='par_1_7' title="bbox 343 2143 1021 2368">
     <span class='ocr_line' id='line_1_13' title="bbox 343 2143 934 2208; baseline -0.007 -14"><span class='ocrx_word' id='word_1_75' title='bbox 343 2144 421 2204; x_wconf 86' lang='lat' dir='ltr'>Quom</span> <span class='ocrx_word' id='word_1_76' title='bbox 435 2146 483 2194; x_wconf 90' lang='lat' dir='ltr'>huc</span> <span class='ocrx_word' id='word_1_77' title='bbox 501 2144 619 2194; x_wconf 74' lang='lat' dir='ltr'>advenisti</span> <span class='ocrx_word' id='word_1_78' title='bbox 628 2143 700 2193; x_wconf 90' lang='lat' dir='ltr'>hodie</span> <span class='ocrx_word' id='word_1_79' title='bbox 710 2144 737 2193; x_wconf 93' lang='lat' dir='ltr'>in</span> <span class='ocrx_word' id='word_1_80' title='bbox 749 2145 803 2208; x_wconf 90' lang='lat' dir='ltr'>ipso</span> <span class='ocrx_word' id='word_1_81' title='bbox 818 2151 934 2207; x_wconf 87' lang='lat' dir='ltr'>tempore.</span> 
     </span>
     <span class='ocr_line' id='line_1_14' title="bbox 345 2225 913 2288; baseline 0.002 -16"><span class='ocrx_word' id='word_1_82' title='bbox 345 2225 453 2288; x_wconf 88' lang='lat' dir='ltr'>Namque</span> <span class='ocrx_word' id='word_1_83' title='bbox 463 2225 535 2275; x_wconf 93' lang='lat' dir='ltr'>hodie</span> <span class='ocrx_word' id='word_1_84' title='bbox 545 2239 628 2274; x_wconf 86' lang='lat' dir='ltr'>earum</span> <span class='ocrx_word' id='word_1_85' title='bbox 634 2232 790 2275; x_wconf 85' lang='lat' dir='ltr'>mutarentur</span> <span class='ocrx_word' id='word_1_86' title='bbox 801 2226 913 2283; x_wconf 86' lang='lat' dir='ltr'>uomina,</span> 
     </span>
     <span class='ocr_line' id='line_1_15' title="bbox 344 2305 1021 2368; baseline -0.003 -14"><span class='ocrx_word' id='word_1_87' title='bbox 344 2305 509 2368; x_wconf 84' lang='lat' dir='ltr'>Facerentque</span> <span class='ocrx_word' id='word_1_88' title='bbox 519 2305 645 2367; x_wconf 78' lang='lat' dir='ltr'>indignum</span> <span class='ocrx_word' id='word_1_89' title='bbox 659 2319 746 2368; x_wconf 83' lang='lat' dir='ltr'>genere</span> <span class='ocrx_word' id='word_1_90' title='bbox 758 2313 879 2368; x_wconf 87' lang='lat' dir='ltr'>quaestum</span> <span class='ocrx_word' id='word_1_91' title='bbox 889 2309 990 2367; x_wconf 81' lang='lat' dir='ltr'>corpore</span> <span class='ocrx_word' id='word_1_92' title='bbox 1000 2305 1021 2352; x_wconf 83' lang='lat'>⁴.</span> 
     </span>
    </p>
   </div>
   <div class='ocr_carea' id='block_1_6' title="bbox 218 2466 1356 3624">
    <p class='ocr_par' dir='ltr' id='par_1_8' title="bbox 218 2466 1356 3624">
     <span class='ocr_line' id='line_1_16' title="bbox 261 2466 1356 2557; baseline 0 -22"><span class='ocrx_word' id='word_1_93' title='bbox 261 2469 301 2535; x_wconf 77' lang='lat' dir='ltr'>At</span> <span class='ocrx_word' id='word_1_94' title='bbox 321 2466 427 2535; x_wconf 90' lang='lat' dir='ltr'>ceteris</span> <span class='ocrx_word' id='word_1_95' title='bbox 450 2468 545 2535; x_wconf 92' lang='lat' dir='ltr'>multo</span> <span class='ocrx_word' id='word_1_96' title='bbox 559 2478 702 2554; x_wconf 82' lang='lat' dir='ltr'>praestant</span> <span class='ocrx_word' id='word_1_97' title='bbox 716 2487 782 2557; x_wconf 86' lang='lat' dir='ltr'>quae</span> <span class='ocrx_word' id='word_1_98' title='bbox 797 2469 829 2537; x_wconf 92' lang='lat' dir='ltr'>in</span> <span class='ocrx_word' id='word_1_99' title='bbox 844 2469 970 2536; x_wconf 90' lang='lat' dir='ltr'>honesta</span> <span class='ocrx_word' id='word_1_100' title='bbox 995 2468 1108 2535; x_wconf 78' lang='lat' dir='ltr'>familia</span> <span class='ocrx_word' id='word_1_101' title='bbox 1123 2471 1222 2536; x_wconf 92' lang='lat' dir='ltr'>locum</span> <span class='ocrx_word' id='word_1_102' title='bbox 1238 2467 1295 2535; x_wconf 94' lang='lat' dir='ltr'>ha·</span> <span class='ocrx_word' id='word_1_103' title='bbox 1353 2490 1356 2500; x_wconf 90' lang='lat'>·</span> 
     </span>
     <span class='ocr_line' id='line_1_17' title="bbox 218 2577 1296 2665; baseline 0 -22"><span class='ocrx_word' id='word_1_104' title='bbox 218 2579 301 2650; x_wconf 88' lang='lat' dir='ltr'>bent.</span> <span class='ocrx_word' id='word_1_105' title='bbox 318 2580 527 2664; x_wconf 88' lang='lat' dir='ltr'>Quotcumque</span> <span class='ocrx_word' id='word_1_106' title='bbox 543 2580 621 2644; x_wconf 93' lang='lat' dir='ltr'>mala</span> <span class='ocrx_word' id='word_1_107' title='bbox 635 2577 668 2643; x_wconf 95' lang='lat' dir='ltr'>in</span> <span class='ocrx_word' id='word_1_108' title='bbox 684 2578 790 2646; x_wconf 89' lang='lat' dir='ltr'>domos</span> <span class='ocrx_word' id='word_1_109' title='bbox 804 2600 858 2665; x_wconf 91' lang='lat' dir='ltr'>per</span> <span class='ocrx_word' id='word_1_110' title='bbox 870 2578 1022 2645; x_wconf 90' lang='lat' dir='ltr'>lasciviam</span> <span class='ocrx_word' id='word_1_111' title='bbox 1035 2578 1230 2658; x_wconf 89' lang='lat' dir='ltr'>maritorum,</span> <span class='ocrx_word' id='word_1_112' title='bbox 1246 2579 1296 2643; x_wconf 93' lang='lat' dir='ltr'>lu-</span> 
     </span>
     <span class='ocr_line' id='line_1_18' title="bbox 218 2688 1297 2775; baseline 0.002 -24"><span class='ocrx_word' id='word_1_113' title='bbox 218 2706 290 2752; x_wconf 87' lang='lat' dir='ltr'>xum</span> <span class='ocrx_word' id='word_1_114' title='bbox 311 2697 342 2753; x_wconf 90' lang='lat' dir='ltr'>et</span> <span class='ocrx_word' id='word_1_115' title='bbox 356 2688 539 2774; x_wconf 83' lang='lat' dir='ltr'>suspiciones</span> <span class='ocrx_word' id='word_1_116' title='bbox 552 2709 681 2755; x_wconf 91' lang='lat' dir='ltr'>uxorum</span> <span class='ocrx_word' id='word_1_117' title='bbox 700 2689 854 2769; x_wconf 89' lang='lat' dir='ltr'>irmerint,</span> <span class='ocrx_word' id='word_1_118' title='bbox 876 2690 1015 2775; x_wconf 81' lang='lat' dir='ltr'>quaedam</span> <span class='ocrx_word' id='word_1_119' title='bbox 1028 2698 1164 2755; x_wconf 89' lang='lat' dir='ltr'>veterum</span> <span class='ocrx_word' id='word_1_120' title='bbox 1185 2688 1297 2754; x_wconf 91' lang='lat' dir='ltr'>mansit</span> 
     </span>
     <span class='ocr_line' id='line_1_19' title="bbox 219 2796 1298 2885; baseline 0.001 -25"><span class='ocrx_word' id='word_1_121' title='bbox 219 2797 320 2881; x_wconf 80' lang='lat' dir='ltr'>imago</span> <span class='ocrx_word' id='word_1_122' title='bbox 332 2807 362 2864; x_wconf 90' lang='lat' dir='ltr'>et</span> <span class='ocrx_word' id='word_1_123' title='bbox 376 2796 471 2863; x_wconf 90' lang='lat' dir='ltr'>forma</span> <span class='ocrx_word' id='word_1_124' title='bbox 485 2817 614 2864; x_wconf 90' lang='lat' dir='ltr'>morum.</span> <span class='ocrx_word' id='word_1_125' title='bbox 633 2799 759 2865; x_wconf 81' lang='lat' dir='ltr'>Ancillae</span> <span class='ocrx_word' id='word_1_126' title='bbox 782 2800 842 2865; x_wconf 87' lang='lat' dir='ltr'>illae</span> <span class='ocrx_word' id='word_1_127' title='bbox 853 2800 1001 2885; x_wconf 87' lang='lat' dir='ltr'>plurimae,</span> <span class='ocrx_word' id='word_1_128' title='bbox 1024 2798 1163 2875; x_wconf 76' lang='lat' dir='ltr'>textrices</span> <span class='ocrx_word' id='word_1_129' title='bbox 1184 2796 1298 2863; x_wconf 88' lang='lat' dir='ltr'>scilicet</span> 
     </span>
     <span class='ocr_line' id='line_1_20' title="bbox 218 2904 1298 2991; baseline 0.002 -22"><span class='ocrx_word' id='word_1_130' title='bbox 218 2913 249 2971; x_wconf 89' lang='lat' dir='ltr'>et</span> <span class='ocrx_word' id='word_1_131' title='bbox 260 2904 476 2985; x_wconf 87' lang='lat' dir='ltr'>sarcinatrioes,</span> <span class='ocrx_word' id='word_1_132' title='bbox 491 2906 653 2972; x_wconf 87' lang='lat' dir='ltr'>balneariae</span> <span class='ocrx_word' id='word_1_133' title='bbox 664 2916 695 2971; x_wconf 94' lang='lat' dir='ltr'>et</span> <span class='ocrx_word' id='word_1_134' title='bbox 706 2905 862 2973; x_wconf 84' lang='lat' dir='ltr'>cinerariae</span> <span class='ocrx_word' id='word_1_135' title='bbox 874 2916 905 2972; x_wconf 91' lang='lat' dir='ltr'>et</span> <span class='ocrx_word' id='word_1_136' title='bbox 916 2905 1095 2991; x_wconf 83' lang='lat' dir='ltr'>vestispicae‚</span> <span class='ocrx_word' id='word_1_137' title='bbox 1110 2905 1237 2990; x_wconf 80' lang='lat' dir='ltr'>aliaeque</span> <span class='ocrx_word' id='word_1_138' title='bbox 1248 2926 1298 2971; x_wconf 92' lang='lat' dir='ltr'>ar-</span> 
     </span>
     <span class='ocr_line' id='line_1_21' title="bbox 220 3012 1296 3100; baseline 0.001 -22"><span class='ocrx_word' id='word_1_139' title='bbox 220 3022 275 3095; x_wconf 90' lang='lat' dir='ltr'>tes,</span> <span class='ocrx_word' id='word_1_140' title='bbox 293 3034 360 3099; x_wconf 85' lang='lat' dir='ltr'>quae</span> <span class='ocrx_word' id='word_1_141' title='bbox 372 3013 410 3080; x_wconf 93' lang='lat' dir='ltr'>ad</span> <span class='ocrx_word' id='word_1_142' title='bbox 426 3014 574 3080; x_wconf 91' lang='lat' dir='ltr'>mundum</span> <span class='ocrx_word' id='word_1_143' title='bbox 588 3014 767 3080; x_wconf 88' lang='lat' dir='ltr'>muliebrem</span> <span class='ocrx_word' id='word_1_144' title='bbox 788 3014 964 3100; x_wconf 89' lang='lat' dir='ltr'>pertinent,</span> <span class='ocrx_word' id='word_1_145' title='bbox 987 3012 1157 3079; x_wconf 85' lang='lat' dir='ltr'>factitantes</span> <span class='ocrx_word' id='word_1_146' title='bbox 1178 3022 1296 3079; x_wconf 88' lang='lat' dir='ltr'>tantum</span> 
     </span>
     <span class='ocr_line' id='line_1_22' title="bbox 218 3108 1296 3208; baseline 0 -22"><span class='ocrx_word' id='word_1_147' title='bbox 218 3122 297 3207; x_wconf 93' lang='lat' dir='ltr'>apud</span> <span class='ocrx_word' id='word_1_148' title='bbox 308 3122 445 3189; x_wconf 89' lang='lat' dir='ltr'>factiosas</span> <span class='ocrx_word' id='word_1_149' title='bbox 459 3132 489 3189; x_wconf 93' lang='lat' dir='ltr'>et</span> <span class='ocrx_word' id='word_1_150' title='bbox 499 3122 628 3208; x_wconf 86' lang='lat' dir='ltr'>dapsiles</span> <span class='ocrx_word' id='word_1_151' title='bbox 640 3121 767 3189; x_wconf 86' lang='lat' dir='ltr'>feminas</span> <span class='ocrx_word' id='word_1_152' title='bbox 780 3108 1136 3189; x_wconf 51' lang='lat' dir='ltr'>inveniunturssPlurimae</span> <span class='ocrx_word' id='word_1_153' title='bbox 1145 3122 1296 3207; x_wconf 90' lang='lat' dir='ltr'>pauciori-</span> 
     </span>
     <span class='ocr_line' id='line_1_23' title="bbox 223 3221 1296 3315; baseline 0 -21"><span class='ocrx_word' id='word_1_154' title='bbox 223 3230 278 3295; x_wconf 90' lang='lat' dir='ltr'>bus</span> <span class='ocrx_word' id='word_1_155' title='bbox 285 3230 404 3297; x_wconf 88' lang='lat' dir='ltr'>ancillis</span> <span class='ocrx_word' id='word_1_156' title='bbox 416 3239 552 3309; x_wconf 85' lang='lat' dir='ltr'>utuntur,</span> <span class='ocrx_word' id='word_1_157' title='bbox 564 3240 595 3295; x_wconf 93' lang='lat' dir='ltr'>et</span> <span class='ocrx_word' id='word_1_158' title='bbox 607 3239 710 3297; x_wconf 92' lang='lat' dir='ltr'>cavent</span> <span class='ocrx_word' id='word_1_159' title='bbox 722 3251 759 3297; x_wconf 92' lang='lat' dir='ltr'>ne</span> <span class='ocrx_word' id='word_1_160' title='bbox 768 3230 873 3297; x_wconf 90' lang='lat' dir='ltr'>habitu</span> <span class='ocrx_word' id='word_1_161' title='bbox 889 3221 1296 3315; x_wconf 87' lang='lat' dir='ltr'>vestituquepedisequarum</span> 
     </span>
     <span class='ocr_line' id='line_1_24' title="bbox 222 3337 1297 3426; baseline 0 -23"><span class='ocrx_word' id='word_1_162' title='bbox 222 3338 333 3405; x_wconf 91' lang='lat' dir='ltr'>famam</span> <span class='ocrx_word' id='word_1_163' title='bbox 345 3338 402 3405; x_wconf 92' lang='lat' dir='ltr'>sibi</span> <span class='ocrx_word' id='word_1_164' title='bbox 413 3338 562 3405; x_wconf 84' lang='lat' dir='ltr'>minuant.</span> <span class='ocrx_word' id='word_1_165' title='bbox 578 3338 657 3405; x_wconf 87' lang='lat' dir='ltr'>Audi</span> <span class='ocrx_word' id='word_1_166' title='bbox 670 3339 769 3426; x_wconf 92' lang='lat' dir='ltr'>potius</span> <span class='ocrx_word' id='word_1_167' title='bbox 781 3339 814 3405; x_wconf 93' lang='lat' dir='ltr'>in</span> <span class='ocrx_word' id='word_1_168' title='bbox 826 3342 988 3406; x_wconf 86' lang='lat' dir='ltr'>Mercatore</span> <span class='ocrx_word' id='word_1_169' title='bbox 997 3337 1219 3424; x_wconf 89' lang='lat' dir='ltr'>Demiphoncm</span> <span class='ocrx_word' id='word_1_170' title='bbox 1229 3357 1297 3414; x_wconf 85' lang='lat' dir='ltr'>cum</span> 
     </span>
     <span class='ocr_line' id='line_1_25' title="bbox 221 3447 1297 3536; baseline 0 -22"><span class='ocrx_word' id='word_1_171' title='bbox 221 3447 283 3515; x_wconf 84' lang='lat' dir='ltr'>filio</span> <span class='ocrx_word' id='word_1_172' title='bbox 304 3451 523 3536; x_wconf 89' lang='lat' dir='ltr'>colloquentem</span> <span class='ocrx_word' id='word_1_173' title='bbox 547 3448 628 3517; x_wconf 90' lang='lat' dir='ltr'>etde</span> <span class='ocrx_word' id='word_1_174' title='bbox 648 3449 744 3516; x_wconf 88' lang='lat' dir='ltr'>forma</span> <span class='ocrx_word' id='word_1_175' title='bbox 768 3450 895 3529; x_wconf 74' lang='lat' dir='ltr'>ancille,</span> <span class='ocrx_word' id='word_1_176' title='bbox 908 3468 1000 3534; x_wconf 90' lang='lat' dir='ltr'>quam</span> <span class='ocrx_word' id='word_1_177' title='bbox 1022 3450 1162 3515; x_wconf 80' lang='lat' dir='ltr'>convenit</span> <span class='ocrx_word' id='word_1_178' title='bbox 1186 3448 1297 3514; x_wconf 88' lang='lat' dir='ltr'>habere</span> 
     </span>
     <span class='ocr_line' id='line_1_26' title="bbox 220 3556 433 3624; baseline -0.005 -2"><span class='ocrx_word' id='word_1_179' title='bbox 220 3556 433 3624; x_wconf 89' lang='lat' dir='ltr'>disserentem:</span> 
     </span>
    </p>
   </div>
   <div class='ocr_carea' id='block_1_7' title="bbox 346 3728 1180 3958">
    <p class='ocr_par' dir='ltr' id='par_1_9' title="bbox 346 3728 1180 3958">
     <span class='ocr_line' id='line_1_27' title="bbox 346 3728 1141 3798; baseline 0.004 -19"><span class='ocrx_word' id='word_1_180' title='bbox 346 3730 429 3794; x_wconf 84' lang='lat' dir='ltr'>Neque</span> <span class='ocrx_word' id='word_1_181' title='bbox 439 3728 480 3781; x_wconf 90' lang='lat' dir='ltr'>illa</span> <span class='ocrx_word' id='word_1_182' title='bbox 492 3739 594 3781; x_wconf 88' lang='lat' dir='ltr'>matrem</span> <span class='ocrx_word' id='word_1_183' title='bbox 606 3732 664 3781; x_wconf 87' lang='lat' dir='ltr'>satis</span> <span class='ocrx_word' id='word_1_184' title='bbox 677 3734 779 3783; x_wconf 86' lang='lat' dir='ltr'>honesta</span> <span class='ocrx_word' id='word_1_185' title='bbox 789 3739 856 3781; x_wconf 87' lang='lat' dir='ltr'>tuam</span> <span class='ocrx_word' id='word_1_186' title='bbox 866 3733 935 3796; x_wconf 90' lang='lat' dir='ltr'>sequi</span> <span class='ocrx_word' id='word_1_187' title='bbox 948 3735 1036 3798; x_wconf 87' lang='lat' dir='ltr'>poterit</span> <span class='ocrx_word' id='word_1_188' title='bbox 1046 3747 1141 3792; x_wconf 90' lang='lat' dir='ltr'>comes,</span> 
     </span>
     <span class='ocr_line' id='line_1_28' title="bbox 346 3811 1180 3875; baseline 0.002 -16"><span class='ocrx_word' id='word_1_189' title='bbox 346 3812 428 3875; x_wconf 87' lang='lat' dir='ltr'>Neque</span> <span class='ocrx_word' id='word_1_190' title='bbox 439 3812 563 3861; x_wconf 87' lang='lat' dir='ltr'>sinam—</span> <span class='ocrx_word' id='word_1_191' title='bbox 577 3812 624 3872; x_wconf 85' lang='lat' dir='ltr'>Qui</span> <span class='ocrx_word' id='word_1_192' title='bbox 637 3812 713 3861; x_wconf 78' lang='lat' dir='ltr'>vero?</span> <span class='ocrx_word' id='word_1_193' title='bbox 724 3811 824 3871; x_wconf 82' lang='lat' dir='ltr'>-oora</span> <span class='ocrx_word' id='word_1_194' title='bbox 834 3813 876 3862; x_wconf 87' lang='lat' dir='ltr'>illa</span> <span class='ocrx_word' id='word_1_195' title='bbox 887 3812 966 3863; x_wconf 86' lang='lat' dir='ltr'>lorma</span> <span class='ocrx_word' id='word_1_196' title='bbox 974 3813 1180 3865; x_wconf 81' lang='lat' dir='ltr'>matremfamilias</span> 
     </span>
     <span class='ocr_line' id='line_1_29' title="bbox 347 3891 1074 3958; baseline 0 -16"><span class='ocrx_word' id='word_1_197' title='bbox 347 3892 475 3956; x_wconf 75' lang='lat' dir='ltr'>Flagitium</span> <span class='ocrx_word' id='word_1_198' title='bbox 487 3893 531 3951; x_wconf 91' lang='lat' dir='ltr'>sit,</span> <span class='ocrx_word' id='word_1_199' title='bbox 545 3893 566 3941; x_wconf 87' lang='lat' dir='ltr'>si</span> <span class='ocrx_word' id='word_1_200' title='bbox 581 3900 710 3955; x_wconf 89' lang='lat' dir='ltr'>sequatur,</span> <span class='ocrx_word' id='word_1_201' title='bbox 724 3891 822 3956; x_wconf 87' lang='lat' dir='ltr'>quaudo</span> <span class='ocrx_word' id='word_1_202' title='bbox 836 3892 930 3944; x_wconf 89' lang='lat' dir='ltr'>incedat</span> <span class='ocrx_word' id='word_1_203' title='bbox 940 3909 984 3958; x_wconf 93' lang='lat' dir='ltr'>per</span> <span class='ocrx_word' id='word_1_204' title='bbox 995 3896 1044 3944; x_wconf 88' lang='lat' dir='ltr'>vias</span> <span class='ocrx_word' id='word_1_205' title='bbox 1054 3896 1074 3942; x_wconf 81' lang='lat'>⁵.</span> 
     </span>
    </p>
   </div>
   <div class='ocr_carea' id='block_1_8' title="bbox 223 4055 1297 4143">
    <p class='ocr_par' dir='ltr' id='par_1_10' title="bbox 223 4055 1297 4143">
     <span class='ocr_line' id='line_1_30' title="bbox 223 4055 1297 4143; baseline 0.003 -23"><span class='ocrx_word' id='word_1_206' title='bbox 223 4055 307 4121; x_wconf 91' lang='lat' dir='ltr'>Licet</span> <span class='ocrx_word' id='word_1_207' title='bbox 327 4074 543 4141; x_wconf 92' lang='lat' dir='ltr'>nonnunquam</span> <span class='ocrx_word' id='word_1_208' title='bbox 572 4058 651 4123; x_wconf 91' lang='lat' dir='ltr'>male</span> <span class='ocrx_word' id='word_1_209' title='bbox 680 4056 790 4125; x_wconf 89' lang='lat' dir='ltr'>habitae</span> <span class='ocrx_word' id='word_1_210' title='bbox 814 4068 844 4124; x_wconf 92' lang='lat' dir='ltr'>et</span> <span class='ocrx_word' id='word_1_211' title='bbox 864 4058 992 4143; x_wconf 83' lang='lat' dir='ltr'>flagellis</span> <span class='ocrx_word' id='word_1_212' title='bbox 1005 4066 1104 4137; x_wconf 76' lang='lat' dir='ltr'>secta,</span> <span class='ocrx_word' id='word_1_213' title='bbox 1127 4065 1160 4121; x_wconf 92' lang='lat' dir='ltr'>ut</span> <span class='ocrx_word' id='word_1_214' title='bbox 1180 4055 1297 4123; x_wconf 88' lang='lat' dir='ltr'>miserae</span> 
     </span>
    </p>
   </div>
   <div class='ocr_carea' id='block_1_9' title="bbox 256 4290 1296 4433">
    <p class='ocr_par' dir='ltr' id='par_1_11' title="bbox 256 4290 1296 4433">
     <span class='ocr_line' id='line_1_31' title="bbox 256 4290 1296 4353; baseline 0.001 -15"><span class='ocrx_word' id='word_1_215' title='bbox 256 4291 265 4324; x_wconf 85' lang='lat'>¹</span> <span class='ocrx_word' id='word_1_216' title='bbox 278 4290 355 4339; x_wconf 82' lang='lat' dir='ltr'>Persa</span> <span class='ocrx_word' id='word_1_217' title='bbox 368 4290 403 4347; x_wconf 88' lang='lat' dir='ltr'>ll,</span> <span class='ocrx_word' id='word_1_218' title='bbox 415 4293 443 4349; x_wconf 92' lang='lat' dir='ltr'>l,</span> <span class='ocrx_word' id='word_1_219' title='bbox 454 4294 478 4339; x_wconf 83' lang='lat'>5.</span> <span class='ocrx_word' id='word_1_220' title='bbox 490 4293 542 4328; x_wconf 72' lang='lat'>-2</span> <span class='ocrx_word' id='word_1_221' title='bbox 557 4293 591 4341; x_wconf 86' lang='lat' dir='ltr'>ld.</span> <span class='ocrx_word' id='word_1_222' title='bbox 603 4295 637 4342; x_wconf 80' lang='lat' dir='ltr'>ld.</span> <span class='ocrx_word' id='word_1_223' title='bbox 648 4294 684 4345; x_wconf 84' lang='lat' dir='ltr'>id.</span> <span class='ocrx_word' id='word_1_224' title='bbox 700 4299 723 4344; x_wconf 88' lang='lat' dir='ltr'>o.</span> <span class='ocrx_word' id='word_1_225' title='bbox 735 4297 789 4349; x_wconf 69' lang='grc'>-3</span> <span class='ocrx_word' id='word_1_226' title='bbox 803 4296 840 4345; x_wconf 86' lang='lat' dir='ltr'>ld.</span> <span class='ocrx_word' id='word_1_227' title='bbox 855 4295 889 4343; x_wconf 83' lang='lat' dir='ltr'>id.</span> <span class='ocrx_word' id='word_1_228' title='bbox 905 4295 940 4343; x_wconf 81' lang='lat' dir='ltr'>id.</span> <span class='ocrx_word' id='word_1_229' title='bbox 954 4298 991 4344; x_wconf 88' lang='lat' dir='ltr'>tl.</span> <span class='ocrx_word' id='word_1_230' title='bbox 1003 4294 1055 4330; x_wconf 82' lang='lat'>-⁴</span> <span class='ocrx_word' id='word_1_231' title='bbox 1070 4294 1168 4343; x_wconf 83' lang='lat' dir='ltr'>Poenul.</span> <span class='ocrx_word' id='word_1_232' title='bbox 1179 4293 1210 4351; x_wconf 89' lang='lat' dir='ltr'>V,</span> <span class='ocrx_word' id='word_1_233' title='bbox 1220 4295 1245 4353; x_wconf 80' lang='grc'>3,</span> <span class='ocrx_word' id='word_1_234' title='bbox 1257 4296 1296 4341; x_wconf 87' lang='lat' dir='ltr'>l8.</span> 
     </span>
     <span class='ocr_line' id='line_1_32' title="bbox 256 4370 523 4433; baseline 0.004 -14"><span class='ocrx_word' id='word_1_235' title='bbox 256 4370 377 4419; x_wconf 82' lang='lat' dir='ltr'>⁵Mercot.</span> <span class='ocrx_word' id='word_1_236' title='bbox 392 4371 429 4432; x_wconf 88' lang='lat'>11,</span> <span class='ocrx_word' id='word_1_237' title='bbox 444 4375 472 4433; x_wconf 85' lang='grc'>3,</span> <span class='ocrx_word' id='word_1_238' title='bbox 484 4375 523 4420; x_wconf 84' lang='lat' dir='ltr'>oe.</span> 
     </span>
    </p>
   </div>
   <div class='ocr_carea' id='block_1_10' title="bbox 1069 4480 1085 4529">
    <p class='ocr_par' dir='ltr' id='par_1_12' title="bbox 1069 4480 1085 4529">
     <span class='ocr_line' id='line_1_33' title="bbox 1069 4480 1085 4529; baseline 0 0"><span class='ocrx_word' id='word_1_239' title='bbox 1069 4480 1085 4529; x_wconf 80' lang='lat' dir='ltr'>ll</span> 
     </span>
    </p>
   </div>
   <div class='ocr_carea' id='block_1_11' title="bbox 0 0 1630 5050">
    <p class='ocr_par' dir='ltr' id='par_1_13' title="bbox 0 0 1630 5050">
     <span class='ocr_line' id='line_1_34' title="bbox 0 0 1630 5050; baseline 0 1"><span class='ocrx_word' id='word_1_240' title='bbox 0 0 1630 5050; x_wconf 95' lang='lat' dir='ltr'> </span> 
     </span>
    </p>
   </div>
  </div>
 </body>
</html>
