3250 5050
655 393 838 458 ..34-

336 597 395 646 Nam
409 603 485 646 mater
498 609 564 653 mea,
580 596 637 658 quia
651 609 695 657 ego
707 596 764 644 nolo
774 609 812 644 me
822 595 972 644 meretricem
985 594 1058 643 dicier
1066 593 1087 650 ¹,

335 678 454 727 Obseeuta
464 683 513 734 est,
523 675 553 724 de
563 691 591 725 ea
603 690 629 724 re
641 677 714 739 gessit
728 690 822 725 morem
832 677 958 738 morigerae
970 675 1044 733 mihi,
1055 682 1101 724 etc.

211 843 297 907 illam
311 840 381 906 sivit
394 840 538 905 arbitratu
552 833 606 903 suo
620 838 738 916 vivere,
753 848 783 903 et
796 838 903 922 pudice
916 837 1052 902 educavit
1067 860 1073 899 z

338 1024 422 1086 anue
434 1023 545 1074 educavit
555 1037 608 1072 eam
617 1022 663 1071 sibi
676 1035 721 1084 pro
734 1021 798 1081 filia,

338 1106 403 1155 Bene
416 1105 569 1168 acpudice¹.
626 1170 633 1182 „

213 1267 303 1348 Quod
327 1266 356 1332 ei
377 1269 481 1347 Lena,
509 1265 666 1353 Gymnasii
687 1276 804 1346 mater,
831 1265 951 1331 crimini
974 1263 1074 1330 vertit.
1095 1264 1176 1343 Quid
1190 1273 1291 1329 autem
1359 1282 1362 1287 ’

210 1372 334 1442 laceret!
362 1374 462 1442 Pietas
485 1394 552 1441 eam
578 1374 675 1460 magis
699 1373 930 1458 quamlucrum
954 1381 1065 1438 movet.
1091 1371 1186 1438 Dictis
1208 1371 1291 1438 enim

210 1485 467 1555 Alcesimarchum
478 1484 668 1569 insequitur,
686 1504 746 1548 non
761 1492 823 1549 tam
834 1483 916 1572 quod
934 1503 1006 1568 opes
1019 1483 1157 1568 ipsarum·
1176 1491 1292 1548 everte-

212 1595 271 1676 rit,
304 1614 395 1679 quam
417 1593 497 1678 quod
524 1593 617 1660 liliam
639 1591 847 1659 ludificaverit.
875 1591 986 1658 Omnia
1007 1591 1055 1677 ,illi
1080 1591 1197 1678 potiora
1220 1602 1293 1658 suut

214 1702 375 1772 amissione
397 1703 505 1788 puellae
528 1720 619 1790 quam
644 1720 745 1768 amare
758 1699 884 1766 didicit:

344 1921 401 1935 ......
413 1885 515 1935 Perdam
525 1899 624 1948 operam
637 1885 732 1947 potius,
742 1897 815 1947 quant
828 1884 915 1934 carebo
930 1883 1008 1933 filia&

217 2051 257 2115 At
277 2050 302 2115 si
328 2057 432 2134 agetur
453 2047 490 2112 de
514 2046 619 2112 Silenii
641 2044 793 2123 felicitate,
807 2047 890 2117 illam
907 2046 1044 2130 ingratiis
1066 2046 1182 2124 reddet,
1207 2055 1237 2111 et
1262 2065 1294 2110 se

221 2158 337 2224 orbabit
349 2158 431 2222 hono
441 2175 494 2221 suo
507 2177 514 2218 :

345 2342 497 2403 Quamquam
507 2340 597 2398 invita,
610 2347 634 2388 te
646 2339 751 2397 carebo,
764 2340 874 2389 animum
886 2353 930 2402 ego
942 2338 1056 2389 inducam
1069 2345 1163 2398 tamen,

346 2421 378 2470 Ut
389 2420 451 2470 illud
463 2419 529 2483 quod
541 2427 607 2472 tuam
621 2421 646 2470 in
661 2433 713 2472 rom
725 2419 787 2470 hene
799 2419 931 2478 conducat,
947 2419 1099 2470 consulant&

220 2584 383 2651 Dissimilis
407 2593 453 2649 est
480 2604 552 2669 ergo
580 2582 714 2649 Melaenis
737 2583 889 2649 Cleaeretae
907 2560 939 2648 et
965 2583 1031 2649 aliis
1057 2583 1295 2669 ejusdemmodi,

221 2692 331 2759 necilli
343 2692 410 2758 ideo
425 2692 543 2757 animus
550 2701 596 2757 est
607 2690 704 2771 iortiS,
719 2701 749 2757 et
761 2690 901 2777 egregius
915 2714 923 2770 ;
940 2693 1008 2757 labe
1019 2712 1072 2757 sua
1081 2694 1229 2758 maculata
1240 2703 1296 2772 est,

207 2795 251 2865 'at
271 2801 362 2867 habet
380 2819 517 2885 quoque,
532 2800 612 2885 quod
635 2800 749 2866 laudes.
774 2803 842 2866 Non
866 2800 964 2864 omnis
985 2800 1107 2864 flamma
1132 2801 1211 2887 apud
1231 2822 1298 2867 eam

221 2911 367 2976 exstincta
384 2918 448 2975 est.
475 2913 587 2976 Natura
612 2908 641 2973 ei
661 2916 706 2974 est
719 2907 863 2985 humana,
876 2916 908 2971 et
920 2906 1111 2991 potissimum
1131 2908 1298 2988 muliebris,

221 3019 379 3100 versatilis,
393 3038 476 3086 cerea
497 3018 529 3083 in
543 3018 649 3082 vitium
663 3014 752 3095 flecti,
768 3015 821 3081 sed
841 3033 1001 3100 resurgens
1014 3015 1135 3102 pietate,
1157 3026 1188 3081 et
1208 3017 1299 3083 adec-

109 3216 113 3223 ,
223 3127 303 3192 tihus
317 3127 463 3192 dulcibus.
479 3126 619 3191 Maxime
643 3124 754 3190 mirum
777 3134 823 3189 est
843 3146 904 3190 non
918 3144 986 3192 eam
998 3146 1014 3189 a
1027 3133 1134 3209 poeta,
1156 3134 1300 3210 tanquam

224 3234 343 3303 heroica
363 3255 395 3303 se
419 3242 548 3319 gereret,
559 3233 734 3318 productam
757 3253 834 3314 esse,
854 3252 951 3317 neque
972 3242 1006 3299 ut
1025 3232 1192 3300 inauditam
1204 3234 1302 3301 adhuc

221 3345 401 3411 sententiam
415 3352 559 3409 tueretur.
588 3342 722 3410 Melaenis
746 3341 937 3409 secundarius
950 3351 1050 3428 partes
1074 3343 1159 3427 agit,
1185 3353 1218 3409 at
1235 3342 1301 3429 ejus

225 3454 325 3537 imago
350 3452 462 3518 mirum
484 3452 516 3515 in
537 3450 662 3517 modum
682 3450 844 3535 prominet.
872 3454 908 3516 In
933 3452 968 3515 e'a
989 3450 1115 3515 Plautus
1128 3470 1161 3517 se
1174 3452 1303 3537 praebuit

225 3562 424 3649 perspiciendi
438 3562 553 3627 indoles
567 3560 726 3629 hominum
738 3571 768 3626 et
782 3560 945 3645 effingendi
958 3559 1186 3646 peritissimum.

272 3670 360 3736 Haud
383 3671 486 3756 procul
500 3693 516 3736 a
529 3670 687 3737 Melanide
700 3670 800 3735 locum
814 3668 927 3736 hahent
947 3669 1008 3735 illae
1030 3671 1221 3750 meretrices,
1247 3672 1306 3736 im-

224 3780 389 3865 prudenter
402 3799 501 3864 pravae
515 3831 522 3858 ‚
546 3778 604 3844 hoc
617 3778 643 3843 si
656 3779 747 3844 verbo
758 3779 803 3842 uti
818 3778 887 3844 licet
899 3831 906 3858 ‚
918 3778 951 3843 id
972 3789 1017 3845 est
1031 3779 1218 3846 institutione
1231 3800 1308 3865 pue-

228 3888 296 3970 rili,
322 3910 431 3976 genere
465 3891 555 3969 vitae,
587 3888 697 3955 misera
721 3888 891 3956 conditione
915 3901 1085 3976 corruptae,
1121 3890 1174 3955 sed
1197 3889 1307 3974 quibus

227 3999 396 4065 humanum
408 3999 522 4084 aliquid
534 3998 631 4064 adhuc
642 4009 789 4083 superest.

272 4106 556 4192 Inducamprimam
569 4107 705 4172 omnium
727 4108 959 4195 Gymnasiuml.
987 4107 1032 4171 Ex
1050 4105 1193 4171 maternis
1215 4102 1307 4170 docu-

262 4341 271 4374 ¹
287 4340 380 4391 distat.
393 4340 413 4399 l,
428 4343 452 4398 t,
468 4341 560 4388 8·¹l.--2
574 4340 673 4401 Id.l‚³,
684 4340 1038 4400 as.-⁸1adt,t,5r.-⁴1d.
1049 4338 1256 4399 ilica-⁴16.
