3250 5050
778 408 959 470 ..16-

333 543 387 606 lias
401 561 482 608 nunc
494 541 666 608 insimulata
680 543 836 630 dignitatis
853 569 915 614 suae
937 550 1070 616 studiosa
1082 551 1130 616 sit.
1157 555 1233 632 Quae
1253 557 1409 625 modove

333 650 415 714 niam
441 671 525 718 servo
544 651 672 718 nimium
691 655 804 740 jocanti
823 657 921 723 virum
935 661 1079 744 rogabat,
1094 661 1158 746 jam
1173 663 1254 730 illius
1267 665 1408 732 dicacita-

331 766 393 824 tem
406 780 466 825 non
485 760 607 844 patitur.
1120 755 1124 761 ¹

400 1001 403 1005 .
458 935 549 984 Verum
560 943 586 984 tu
597 951 711 1000 magnum
721 941 812 988 malum
825 940 941 999 habebis,
957 943 976 990 si
987 943 1025 991 hic
1038 958 1111 991 suum
1125 945 1232 994 officium
1244 947 1307 995 iacit.

459 1015 550 1064 lterum
561 1016 612 1078 jam
624 1017 648 1066 in
662 1032 700 1067 me
711 1020 868 1069 inclementer
878 1020 949 1079 dicit,
961 1029 1033 1083 atque
1042 1023 1066 1071 id
1081 1023 1134 1072 sine
1145 1025 1241 1074 maloi?

379 1179 444 1242 Non
471 1186 573 1244 tamen
598 1180 699 1244 statim
723 1198 807 1246 amor
830 1182 913 1260 abit;
930 1184 1064 1249 nondum
1086 1186 1223 1251 irascitur
1243 1190 1405 1254 Alcumena

332 1296 363 1350 et
386 1288 597 1372 Amphitruoni
609 1289 759 1374 pudicitiae
773 1293 880 1357 vitium
893 1293 1046 1380 objicienti
1061 1297 1240 1382 respondet:
1270 1366 1275 1374 K

459 1473 579 1532 Obsecro,
590 1482 696 1534 ecastor,
710 1491 753 1526 cur
766 1478 842 1536 istuc,
852 1479 888 1526 mi
900 1479 951 1535 vir,
962 1493 991 1526 er
1003 1480 1041 1527 ted
1051 1480 1156 1529 audior?

458 1551 520 1611 Quid
533 1554 633 1615 egotibi
645 1553 748 1617 deliqui,
759 1556 792 1614 si,
806 1557 845 1605 eui
856 1564 932 1619 nupta
946 1572 1014 1616 sum,
1027 1565 1107 1607 tecum
1118 1560 1170 1608 fui?

379 1714 498 1782 Sensim
521 1735 591 1780 vero
616 1715 650 1780 tit
670 1717 805 1802 jurgium
828 1691 969 1804 giarius3
996 1702 1165 1788 innocentia
1185 1723 1260 1790 freta
1283 1725 1410 1791 ardescit

332 1823 517 1890 Alcumena:
617 1885 620 1891 ,

439 2029 442 2032 ·
455 2008 520 2058 Istuc
533 2009 626 2058 lacinus
633 2044 641 2068 ‚
655 2009 720 2072 quod
735 2010 874 2068 insimulas,
885 2014 968 2061 nostro
982 2015 1064 2075 generi
1074 2028 1123 2062 non
1134 2014 1215 2063 decet:

457 2089 509 2146 Tu,
520 2089 540 2137 si
553 2103 591 2137 me
601 2087 759 2152 impudicitiae
768 2097 864 2152 captas,
877 2104 927 2139 non
940 2099 1009 2153 potes
1021 2094 1131 2154 capere³.

330 2252 397 2315 lam
408 2250 445 2314 ad
459 2261 679 2316 sacramentum
698 2251 795 2329 venit;
812 2252 893 2336 quod
909 2252 1032 2337 quidem
1046 2250 1173 2339 dignum
1187 2266 1233 2320 est
1253 2255 1334 2341 qnod
1355 2254 1405 2320 hic

330 2360 469 2438 reseram3

455 2549 565 2611 Supremi
578 2551 640 2612 regis
654 2564 754 2612 regnum
767 2550 839 2612 juro,
850 2559 873 2598 et
888 2552 1094 2601 matremfamilias

453 2630 588 2687 lunonem,
603 2644 675 2692 quam
689 2644 728 2678 me
738 2631 816 2679 vereri
826 2638 850 2679 et
864 2639 971 2680 metuere
982 2632 1013 2679 ’st
1022 2646 1065 2694 par
1075 2644 1188 2678 maxume
1195 2664 1203 2688 ,

455 2708 485 2756 Ut
496 2709 542 2767 mi,
556 2716 623 2758 extra
632 2723 710 2758 unum
721 2717 744 2758 te
750 2744 759 2769 ,
773 2711 882 2759 mortalis
892 2724 963 2758 nemo
973 2725 1062 2772 corpus
1074 2724 1174 2771 corporc

454 2790 571 2851 Contigit,
582 2804 631 2852 quo
641 2804 680 2838 me
690 2788 828 2853 inpudicam
840 2789 952 2838 tacerett.

327 2932 394 3017 lam
408 2952 459 3017 illa
476 2953 565 3018 verba
579 2954 712 3038 profert,
730 2952 840 3038 quibus
859 2972 920 3018 non
934 2952 1048 3037 gratius
1066 2961 1118 3017 ant
1130 2950 1303 3037 generosius
1312 2949 1402 3034 quid-

326 3080 417 3147 quam
429 3061 595 3147 reppereris
610 3084 618 3148 ;

452 3248 506 3297 Νοη
517 3262 561 3310 ego
574 3247 640 3296 illam
650 3247 709 3295 mihi
722 3246 802 3296 dotem
815 3247 878 3296 duco
892 3262 959 3305 esse,
973 3261 1028 3310 quae
1041 3246 1086 3296 dos
1095 3246 1196 3305 dicitur3

453 3326 499 3375 Sed
509 3325 663 3389 pudicitiam,
675 3332 698 3375 et
710 3326 844 3388 pudorem,
854 3334 878 3375 et
890 3326 999 3375 sedatum
1013 3325 1165 3388 cupidinem,

450 3406 528 3454 Deum
541 3412 649 3463 metum,
660 3412 787 3467 parentum
798 3420 920 3464 amorem,
931 3414 954 3453 et
961 3412 1090 3467 cognatum
1102 3403 1254 3454 concordiam
1267 3420 1274 3450 :
1372 3398 1375 3401 ’

451 3487 505 3535 Tibi
516 3486 646 3548 morigera,
662 3493 734 3549 atque
745 3494 773 3536 ut
782 3487 898 3536 munifica
908 3487 954 3536 sim
966 3487 1052 3544 bonis,
1062 3488 1154 3548 prosim
1165 3486 1249 3548 probis
1254 3488 1273 3531 ⁵.

324 3650 485 3735 Exagitant
515 3648 744 3735 Amphitruonis
770 3652 879 3737 probra
909 3661 1043 3716 teneram
1081 3649 1216 3714 mulieris
1251 3657 1394 3713 mentem.

324 3758 515 3845 Magnanimo
540 3770 605 3841 est,
637 3764 698 3826 non
722 3760 851 3826 dedecus
874 3760 960 3825 facile
984 3760 1111 3838 tolerat,
1129 3768 1159 3823 et
1172 3756 1350 3823 frementem
1368 3756 1400 3819 in

279 3924 281 3927 .
323 3888 443 3935 scenam
456 3879 543 3955 poeta
559 3888 626 3935 eam
641 3870 774 3935 inducit:

853 4025 890 4074 lta
901 4039 939 4073 me
951 4024 1047 4086 probri,

448 4106 545 4169 Stupri,
556 4106 679 4156 dedecoris
689 4121 703 4154 a
717 4106 768 4155 viro
782 4112 891 4167 argutam
901 4103 987 4153 meort

352 4304 362 4336 ¹
377 4300 467 4363 Ampe.
482 4302 513 4351 11.
529 4305 559 4350 so
574 4309 598 4351 et
612 4306 665 4351 rto.
680 4330 709 4337 -
720 4303 731 4337 a
743 4302 779 4350 ro.
795 4304 840 4350 rso
853 4306 876 4347 et
891 4302 945 4347 tes.
959 4326 990 4335 -
1008 4298 1060 4347 erc.
1077 4298 1112 4346 tc.
1132 4303 1160 4356 s,
1172 4301 1225 4346 ree.
1241 4297 1293 4331 -⁴
1306 4295 1342 4344 ru.
1357 4284 1404 4341 tu?

321 4381 356 4428 tu.
372 4384 426 4429 sor.
439 4408 468 4415 -
483 4383 493 4415 ⁵
508 4382 544 4430 ra.
557 4383 592 4429 tu.
604 4383 639 4429 ca.
651 4386 706 4429 ooo.
718 4410 748 4418 -
759 4384 770 4417 a
781 4382 818 4430 ra.
831 4379 879 4437 111,
891 4384 920 4438 a,
936 4381 958 4428 1.
