3250 5050
628 446 671 460 -
697 414 809 478 45—-

179 561 227 617 tra
241 549 375 618 absoluta
392 523 449 620 est.
467 551 666 636 Astaphium,
688 552 743 616 etsi
757 571 818 616 non
837 549 907 615 inde
918 560 1067 635 quaestum
1078 548 1135 614 sibi
1147 547 1249 629 faciat,

181 662 345 728 delectatur
366 662 525 728 Phronesii
537 662 724 754 malefactis;
746 682 800 747 pro
815 662 877 727 suis
895 661 975 726 illius
994 661 1131 726 victorias
1151 661 1259 727 habet:

182 773 284 854 ltaque
310 771 408 854 palam
430 769 585 856 profitetur
606 779 754 855 praecepta
774 768 883 855 quibus
904 769 996 835 altera
1020 789 1052 834 se
1071 769 1172 854 regit:

417 976 473 990 ......
483 941 584 992 Amator
593 942 673 992 slmili'
682 949 720 992 est
728 941 811 1004 oppidi
823 940 917 991 hostilis
925 946 946 989 ¹.

309 1021 434 1070 Piaculum
444 1021 487 1080 ’st,
499 1022 608 1070 misereri
619 1036 664 1071 nos
678 1021 804 1070 hominum
815 1022 851 1070 rai
861 1023 923 1071 male
932 1030 1070 1092 gerentum-4

308 1099 382 1149 Bonis
392 1113 445 1148 esse
457 1107 552 1163 oportet
564 1100 677 1151 dentibus
686 1102 766 1151 lenam
778 1101 895 1164 probnm3
906 1100 1026 1159 adridere,

309 1178 423 1242 Quisquis
435 1180 529 1238 veniat,
543 1179 679 1242 blandeque
688 1180 791 1243 alloqni3
803 1180 866 1228 male
879 1179 951 1230 corde
963 1180 1115 1238 consultare,

308 1257 373 1306 Bene
382 1258 450 1320 loqui
461 1257 553 1320 lingua.
565 1257 713 1308 Meretricem
725 1273 778 1308 esse
791 1259 894 1308 similem
907 1260 982 1308 sentis
991 1258 1120 1318 condecet,
1132 1260 1197 1308 etc.²

181 1419 328 1505 Astaphio
339 1420 420 1508 justa
434 1439 534 1486 comes
548 1421 747 1487 Phronesium
761 1421 899 1487 occurrit.
915 1421 948 1486 Si
962 1440 1010 1486 res
1024 1421 1052 1486 ei
1071 1420 1176 1486 inisset
1189 1440 1257 1486 cum

182 1528 308 1614 ingenio
321 1529 421 1595 minus
431 1549 581 1616 perverso,
594 1530 705 1609 forsan,
719 1540 754 1595 ut
767 1550 833 1615 quae
845 1528 972 1594 nocendi
986 1529 1091 1595 ardore
1106 1527 1258 1615 flagraret,

182 1637 261 1716 lacta
273 1648 352 1704 esset
366 1637 493 1724 Scapha.
507 1639 583 1717 Quae
596 1637 792 1723 archetypum
801 1646 847 1702 est
860 1635 1050 1721 cormptricis
1062 1637 1150 1703 toties
1162 1638 1259 1723 poetis

188 1746 365 1812 informatae.
387 1747 473 1832 Syra,
488 1747 523 1812 in·
537 1748 652 1831 Hecyra
665 1745 807 1823 Terentii,
822 1745 970 1829 longeest
989 1764 1005 1808 a
1018 1753 1109 1816 =tanta
1120 1743 1255 1831 perfidia.

187 1855 355 1921 Malesuada
382 1856 514 1936 vitilena,
535 1855 675 1941 perdocte
689 1864 794 1921 cuncta
808 1855 931 1933 callens,
944 1853 1031 1919 docta
1045 1873 1107 1938 prae
1120 1853 1261 1920 omnibus

188 1962 293 2042 doctis,
307 1972 466 2048 postquam
479 1963 609 2049 pessima
621 1962 745 2029 consilia
758 1961 922 2046 proposuit,
937 1969 1107 2046 postquam,
1122 1961 1203 2046 quod
1215 1973 1262 2027 est

188 2070 226 2135 ad
248 2070 488 2155 persuadendum
500 2068 859 2147 accommodatissimum,
873 2071 1046 2154 exemplum
1058 2069 1168 2137 suimet
1179 2070 1260 2149 lecit,

189 2187 320 2243 mutatur
332 2230 339 2257 ,
351 2189 385 2244 ut
398 2178 571 2244 Philematii
585 2177 789 2256 constantiam
802 2177 885 2242 nullo
899 2177 989 2242 modo
1004 2176 1155 2242 labantem
1170 2177 1262 2244 intel-

189 2286 256 2370 ligit
270 2286 294 2350 ³.
312 2286 408 2371 Magis
421 2306 513 2371 quam
529 2306 597 2371 quae
621 2285 764 2364 maxime,
786 2285 881 2355 novit.
901 2305 969 2370 quae
990 2285 1030 2351 sit
1049 2285 1261 2352 decentissima

189 2404 339 2474 venustas,
361 2395 435 2480 quid
448 2404 583 2462 amantes
597 2392 722 2474 alliciat,
739 2413 892 2479 quumque
902 2393 1118 2460 Philematium
1128 2393 1264 2460 Philola-

190 2504 308 2570 chetem
318 2503 420 2570 fallere
430 2503 516 2583 nolit,
527 2522 594 2569 eam
603 2503 695 2589 probe
704 2502 868 2589 adjurabit,
877 2512 911 2569 ut
922 2521 992 2569 eum
1001 2501 1262 2569 detineat.Forsan

192 2613 233 2677 ita
256 2634 288 2679 se
300 2614 481 2698 morigeram
493 2615 618 2699 praebet,
630 2633 690 2698 quo
703 2612 828 2681 meliore
842 2613 907 2678 loco
927 2622 958 2679 et
978 2621 1113 2697 tempore
1132 2614 1263 2698 puellam

191 2723 320 2789 lenoniis
345 2723 535 2808 aggrediatur
568 2722 682 2802 verbis3
707 2722 737 2787 id
760 2722 844 2787 illam
865 2722 969 2802 decet;
994 2740 1163 2788 summurn.
1179 2722 1265 2788 nefas

191 2831 302 2916 attigit.

237 2940 434 3026 Milphidippa
455 2941 534 3027 apud
559 2940 697 3006 callidam
721 2938 957 3004 Acroteleutium
981 2938 1013 3003 in
1038 2931 1183 3004 famulatu
1206 2947 1263 3016 est,
1348 3017 1350 3022 Ι

192 3047 257 3134 ejus
266 3048 357 3134 digna
369 3048 541 3135 pedisequa.
561 3074 576 3110 «
594 3050 693 3133 Ecqua
705 3045 813 3113 ancilla
823 3057 869 3113 est
880 3045 948 3113 illi?
966 3072 980 3108 o
993 3047 1127 3131 rogatde
1138 3048 1265 3112 Acrote-

192 3157 284 3223 leutio
298 3156 463 3223 Palaestrio.
485 3157 557 3221 «Est
564 3155 661 3241 prime
675 3164 771 3234 cata»
786 3155 948 3241 respondet
965 3154 1263 3240 Periplectomenes⁸,

195 3265 401 3352 Milphidippa
413 3284 532 3330 morum
547 3263 693 3329 indicium
707 3263 829 3330 faciens.
846 3262 909 3330 Scit
921 3264 1073 3348 extemplo
1084 3262 1156 3348 quid
1168 3281 1264 3346 agen-

195 3373 267 3439 dum
277 3373 326 3438 sit.
344 3373 476 3439 Omnem
488 3370 672 3453 fallaciarum
687 3371 831 3439 lubricam
846 3370 974 3437 excutit:

320 3556 357 3605 nd
370 3570 422 3605 eam
436 3570 487 3605 rem
499 3556 575 3605 habeo
582 3570 678 3606 omnem
689 3558 779 3614 aciem,
790 3556 834 3605 tihi
845 3563 872 3603 nt
881 3554 974 3604 dudum
983 3554 1033 3618 jam
1044 3553 1207 3605 demonstravi
1217 3556 1236 3602 ὅ.

197 3720 238 3785 Ut
260 3718 428 3785 ludificatur
450 3719 593 3786 miserum
621 3715 898 3804 Pyrgopolinicem!
931 3727 965 3783 ut
993 3717 1081 3784 illum
1104 3717 1269 3784 vernilibus

196 3828 351 3895 blanditiis
364 3826 498 3895 conficit!
519 3853 534 3891 «
550 3827 688 3905 Polcher‚
703 3824 799 3893 salve!
823 3852 838 3888 >s
865 3828 953 3893 Certe
975 3826 1032 3893 iste
1045 3827 1204 3892 hominum
1223 3834 1270 3890 est

174 3937 414 4018 'stultissimus;
440 3937 491 4003 sed
518 3957 575 4022 qua
609 3935 723 4002 ratione
754 3933 873 4002 resistat
906 3934 958 4002 tali
979 3935 1100 4001 laudum
1122 3928 1269 3999 flumini?

188 4211 192 4221 ·
229 4190 1269 4252 ¹Trecet.1,s,oa.-²ld.11,1,1a.-³Mostetl.l,s.-⁴Mtlolcr.

199 4277 228 4329 1,
245 4276 300 4324 197.
314 4302 344 4311 «-
358 4273 477 4335 ⁵1alv,
490 4278 506 4322 2
512 4307 522 4335 ,
535 4277 574 4323 37.
591 4272 721 4335 Interpone
730 4276 784 4337 jam
795 4286 851 4324 cum
865 4272 915 4321 lere
925 4271 1037 4321 omuibus
1046 4271 1132 4330 libris,
1144 4272 1269 4322 omittente

200 4353 317 4405 Nandeto.
