3250 5050
774 394 885 471 ...14
910 443 954 454 ...

327 545 442 613 Omitto
469 544 670 612 cavillationes
685 544 841 610 Plautinas
854 546 893 611 ad
910 563 1061 612 summam
1081 565 1201 614 caveam
1221 559 1399 634 spectantes.

327 655 388 721 Sed
410 653 528 742 poetam
539 655 712 738 exemplum
730 663 876 720 matronae
888 655 1087 735 imitandum,
1102 665 1132 721 et
1146 655 1310 742 imaginem
1323 645 1405 728 unde

326 763 412 849 probi
424 762 620 828 desumantur
633 779 731 828 mores
745 773 962 847 proponentem
983 784 1045 829 non
1062 764 1168 829 lelellit
1187 783 1274 831 musa
1287 787 1357 848 sua,
1374 778 1406 832 et

326 872 410 937 illam
433 889 605 956 personam,
630 888 802 956 quanquam
819 872 884 938 leve
907 881 954 937 est
972 871 1097 958 reliqum
1108 873 1219 940 fabulae
1241 895 1404 960 argumen-

327 990 414 1060 tum,
438 980 525 1046 lacile
546 979 674 1046 dixerim
690 997 783 1046 unam
806 1000 843 1045 ex
864 981 913 1046 his
931 1001 997 1048 esse
1014 1002 1082 1067 quae
1104 993 1200 1048 artem
1211 983 1353 1050 eximiam
1370 986 1403 1051 in

304 1141 305 1146 1
327 1089 486 1176 pingendis
497 1089 694 1156 muliebribus
706 1089 837 1175 ingeniis
850 1091 980 1156 maxime
998 1091 1223 1173 commendent.¹
1236 1095 1288 1158 Est
1300 1103 1403 1160 tamen

325 1197 440 1284 aliquid
459 1198 670 1284 praestantius;
696 1199 892 1264 Alcumenam
905 1198 972 1264 dico
995 1199 1236 1284 Amphitruonis.
1251 1202 1402 1268 Virtutem

325 1307 357 1372 in
379 1309 443 1373 luce
464 1307 658 1394 splendidiori
670 1307 771 1394 ponit,
787 1327 882 1394 quum
895 1309 1011 1374 detecta
1024 1319 1084 1387 est,
1097 1309 1200 1395 iniqua
1218 1309 1399 1377 criminatio.

324 1415 360 1480 Ei
381 1415 516 1500 graviora
530 1425 560 1481 et
573 1414 754 1481 vibrantiora
766 1415 856 1480 verba
869 1414 1040 1480 commodat
1050 1415 1229 1482 innocentiae
1241 1416 1317 1482 lalso
1329 1416 1404 1482 insi-

280 1550 285 1556 ·
326 1523 448 1588 mulatae
473 1521 663 1588 conscientia.
688 1521 809 1587 Plenior
827 1532 894 1600 est,
917 1523 1084 1607 clariorque
1106 1532 1136 1588 et
1156 1523 1236 1608 ipsa,
1251 1533 1285 1588 ut
1297 1524 1339 1588 ita
1356 1524 1405 1589 di-

267 1633 269 1636 ’
325 1647 411 1708 cam,
435 1629 533 1714 magis
557 1638 614 1694 est.
637 1631 704 1696 Non
726 1629 874 1694 contendo
887 1630 926 1695 ob
939 1649 1006 1694 eam
1019 1649 1140 1695 causam
1160 1610 1294 1696 tabulam
1317 1650 1402 1698 suam

317 1719 343 1803 ¹a
367 1739 473 1804 Plauto
494 1725 636 1804 structam
653 1758 739 1817 esse;
762 1757 859 1823 quum
876 1757 946 1804 vero
959 1738 1001 1803 ita
1013 1758 1046 1803 se
1064 1739 1149 1804 daret
1173 1749 1401 1824 argumentum,

326 1866 361 1911 eo
375 1847 418 1911 sic
431 1867 503 1912 usus
518 1858 581 1928 cst,
595 1857 646 1925 ut,
661 1847 688 1912 si
700 1846 767 1932 quis
779 1845 955 1931 diligentius
968 1848 1121 1928 attendat,
1142 1848 1229 1914 liceat
1249 1849 1276 1914 ei
1296 1849 1403 1934 preci-

325 1973 417 2040 puam
438 1955 563 2021 actionis
587 1965 703 2043 partem
724 1955 901 2040 dignoscere
924 1955 957 2020 in
977 1955 1151 2022 Alcumenae
1171 1975 1291 2021 morum
1309 1976 1401 2042 expo-

326 2064 444 2130 sitione.
473 2063 555 2144 Quid
575 2063 685 2130 enim?
708 2065 925 2129 Praetereamus
949 2063 1043 2128 Sosiae
1057 2073 1088 2129 et
1107 2063 1247 2130 Mercurii
1266 2064 1401 2150 jocosam

323 2172 568 2252 similitudinem,
582 2170 809 2256 Amphitruonis
822 2189 953 2237 errorem
962 2180 993 2236 et
1003 2170 1099 2249 iram,
1113 2189 1180 2256 quae
1193 2171 1292 2255 potius
1304 2191 1402 2237 accos-

324 2280 403 2347 soria
435 2290 609 2348 ornamenta
633 2289 724 2358 sunt,
753 2297 845 2365 quam
866 2277 910 2344 rei
938 2277 1032 2364 ipsius
1050 2277 1292 2344 fundamentum.
1320 2280 1402 2358 Quid

324 2389 474 2475 preecipue
496 2398 596 2455 movet
620 2388 774 2466 animum,
798 2396 832 2452 ut
861 2387 994 2471 primum
1019 2387 1134 2453 dictum
1158 2398 1204 2452 est
1227 2388 1402 2453 Alcumenae

324 2497 457 2565 nomen‘?
469 2497 516 2564 Ad
525 2496 610 2583 cujus
621 2505 743 2576 sortem,
753 2495 842 2573 lacta,
856 2493 935 2561 dicta
948 2495 1115 2581 presertim
1125 2495 1400 2575 animadvertimus,

325 2608 383 2673 nisi
396 2606 553 2673 mulieris?
567 2609 687 2687 Quanta
699 2604 901 2671 sollicitudine
914 2615 944 2670 et
960 2604 992 2670 in
1005 2606 1130 2690 prologo
1143 2605 1175 2671 id
1188 2606 1302 2672 curavit
1314 2615 1400 2691 poeta

324 2726 358 2782 ut
378 2738 396 2783 a
416 2716 563 2803 principio
585 2715 756 2782 noverimus
769 2734 912 2781 eamesse
930 2714 1104 2801 deceptam,
1126 2734 1166 2781 ne
1178 2716 1225 2782 vel
1239 2715 1399 2780 minimum

323 2824 361 2892 de
372 2825 437 2913 ejus
448 2824 619 2911 integritate
632 2824 726 2891 animi
736 2825 776 2890 sit
788 2822 915 2890 dubium
932 2846 939 2887 ε

512 2978 595 3037 Nunc,
606 2977 636 3026 de
648 2978 781 3029 Alcumena
793 2985 822 3028 ut
835 2993 885 3027 rem
898 2979 1000 3027 teneatis
1012 2980 1114 3037 rectius,

512 3059 639 3122 Utrimque
652 3064 689 3107 ost
702 3056 799 3121 gravida
806 3092 814 3117 ,
828 3065 852 3107 ct
862 3058 927 3117 viro,
942 3066 965 3107 et
975 3057 1072 3108 summo
1083 3059 1166 3108 Jove¹.
1182 3046 1190 3059 ’

512 3142 558 3193 Sed
568 3144 601 3193 ita
613 3141 762 3192 assimulavit
772 3156 798 3190 se
804 3176 812 3200 ,
827 3142 896 3204 quasi
906 3143 1052 3206 Amphitruo
1063 3142 1134 3191 sieta.

698 3221 732 3270 At
744 3220 785 3269 illa
795 3220 865 3269 illum
878 3228 960 3271 censet
970 3222 1050 3273 virum

512 3302 588 3353 Suum
600 3316 667 3360 esse,
681 3314 803 3366 quaecum
817 3301 911 3350 moeclro
923 3309 960 3350 est
969 3302 990 3349 ³.

371 3436 579 3503 Commoratur
600 3434 736 3522 pluribus
760 3434 792 3499 in
812 3432 933 3512 verbis,
957 3432 1127 3519 iterumque
1145 3432 1314 3517 iterumque
1334 3447 1398 3495 rem

325 3544 506 3611 denuntians
520 3566 527 3608 :

575 3699 645 3747 Pater
655 3697 748 3745 curavit
757 3711 807 3746 uno
821 3702 849 3746 ut
862 3695 924 3745 loetu
936 3695 1021 3752 fieret,

575 3776 630 3825 Uno
639 3782 667 3827 ut
680 3776 762 3825 ubere
772 3776 882 3825 absolvet
891 3788 1014 3823 erumnas
1027 3772 1102 3831 dues,

576 3855 607 3905 Et
621 3870 651 3905 uc
661 3856 686 3905 in
697 3856 835 3918 suspicione
847 3861 954 3917 ponatur
966 3852 1057 3915 stupri,

576 3936 607 3985 Et
620 3934 768 3985 clandestina
781 3942 809 3984 ut
824 3934 914 3984 celetur
925 3932 1057 3996 suspicio⁴.

671 4049 736 4065 .......
749 4014 825 4064 Nemo
838 4012 863 4063 id
872 4013 964 4076 probro

573 4094 685 4145 Proiecto
699 4094 770 4145 ducet
782 4092 924 4143 Alcumenae
932 4093 953 4139 ⁵.

355 4293 365 4327 ¹
380 4291 469 4353 Amph.
480 4290 546 4339 Ptol.
559 4292 612 4338 tto.
628 4316 658 4325 -
671 4290 683 4324 ²
697 4288 734 4339 ld.
745 4288 781 4337 id.
800 4289 853 4337 115.
870 4315 901 4323 -
913 4286 925 4321 ³
938 4286 973 4336 lo.
988 4285 1023 4335 id.
1039 4286 1093 4333 tat.
1110 4283 1165 4319 -⁴
1180 4282 1218 4332 lat.
1233 4281 1259 4340 1,
1272 4284 1301 4337 2,
1316 4282 1356 4327 25.

358 4371 416 4420 ⁵lu.
427 4370 463 4418 id.
476 4369 512 4417 id.
527 4372 566 4417 30.
1027 4394 1032 4403 s
