3250 5050
771 391 953 460 -aoss

321 537 447 614 miretur
471 553 541 600 eum
560 554 594 599 eo
612 533 809 620 pervenisse?
831 535 926 599 Saena
949 533 1031 600 haud
1050 534 1196 600 absimilis
1220 535 1348 601 occurrit
1369 537 1403 600 in·

320 643 529 730 Aristophanis
550 642 806 710 Acharnensibus.
835 644 1020 728 Megarensis
1047 644 1172 729 quidam
1198 643 1236 708 ad
1260 644 1400 709 nltimam

319 752 451 817 inediam
469 752 606 818 redactus
629 751 705 816 filias
727 771 797 818 suas
810 752 985 817 venumdat.
1013 753 1068 818 Ille
1090 751 1215 817 adeam
1238 753 1403 816 necessita-

318 871 381 926 tem
392 860 471 926 bello
484 861 691 945 compeditum
709 859 830 927 Saturio
844 871 946 953 autem
960 860 1039 945 gulae
1053 872 1084 926 et
1104 860 1228 926 desidiae
1239 880 1395 946 persuasu.

319 968 405 1033 Illam
425 989 456 1032 se
484 968 625 1048 vendere,
653 968 767 1046 fateor,
792 962 936 1046 si'mulat;
963 970 1029 1055 ejus
1051 981 1153 1035 tamen
1175 970 1344 1034 libertatem
1369 978 1399 1034 et

318 1075 493 1159 pudicitiam
507 1077 628 1142 adducit
642 1076 673 1142 in
687 1078 869 1163 periculum.
893 1079 1011 1144 Dubius
1023 1089 1068 1145 est
1081 1079 1233 1164 paulisper
1249 1101 1260 1142 ;

445 1260 508 1308 Tun'
523 1261 589 1308 illam
602 1259 700 1308 vendas.

788 1343 895 1390 Pereunt
909 1344 1025 1405 reliquiae.

423 1437 429 1442 ’
442 1420 563 1468 Posterius
577 1422 642 1469 istuc
652 1427 731 1470 tamon
745 1428 827 1482 potest
842 1424 861 1469 ¹.

319 1584 377 1646 Res
389 1601 460 1648 vero
473 1583 557 1648 brevi
571 1583 689 1648 decreta
702 1593 758 1649 est.
776 1582 861 1650 Unus
874 1595 919 1650 est
933 1605 970 1650 ex
983 1585 1042 1650 illis
1059 1584 1227 1664 Quiritibus
1240 1585 1322 1650 omni
1343 1606 1401 1670 ope

318 1689 488 1769 destitutis,
512 1691 695 1774 flagitiorum
713 1692 839 1776 parariis
852 1695 903 1778 qni
932 1714 964 1758 se
987 1694 1067 1780 ipsos
1088 1693 1259 1759 modiorum
1285 1693 1399 1778 aliquot

319 1803 415 1887 pretio
438 1802 582 1868 vendunt.
604 1807 734 1870 Patrono
758 1806 923 1889 sportulam
941 1807 1110 1885 abnuente,
1124 1826 1194 1872 mon
1207 1813 1334 1890 parent:

424 2027 425 2031 ,
443 1987 545 2045 Quaeso,
554 1988 648 2046 hercle,
662 2003 701 2037 me
711 2001 808 2050 quoque
822 1990 893 2038 etiarn
906 1989 1008 2047 vendas,
1021 1991 1138 2048 silebat,

446 2067 509 2116 uum
523 2075 632 2118 saturum
642 2067 732 2117 vendas
740 2069 761 2116 ἢ.
909 2065 915 2074 “

319 2228 446 2294 Videtur
466 2229 541 2294 mihi
564 2251 695 2315 graecum
709 2233 863 2316 exemplar
876 2232 998 2317 parasiti
1021 2231 1093 2297 hino
1105 2234 1231 2311 abesse,
1250 2243 1285 2297 ut
1298 2207 1399 2298 locum

318 2337 428 2402 habeat
450 2339 584 2406 esuriens
612 2361 754 2406 romanus
781 2341 970 2427 proletarius.
1000 2342 1046 2406 Ex
1066 2342 1166 2428 aliquo
1188 2341 1283 2427 capite
1308 2359 1397 2407 censo

318 2445 417 2511 divitis
438 2447 494 2512 viri
516 2450 623 2516 cliente
647 2449 698 2515 illa
719 2449 815 2514 forma
840 2449 996 2535 desumpta
1019 2460 1085 2531 est,
1114 2450 1264 2538 homoque
1288 2453 1396 2516 Plauto

319 2556 486 2641 saepissime
511 2556 587 2623 circa
615 2557 735 2623 comitia
752 2542 764 2636 ,¹
795 2578 888 2643 quum
913 2561 1107 2644 magistratus
1131 2571 1317 2639 crearentur,
1339 2559 1396 2624 luit

315 2665 431 2730 obvius.
460 2665 568 2750 Operae
592 2665 722 2752 pretium
746 2677 791 2731 est
817 2686 938 2733 cernere
958 2688 1025 2753 qnae
1050 2670 1089 2733 sit
1106 2668 1275 2734 istiusmodi
1293 2666 1396 2732 bomi-

318 2771 366 2836 nis
387 2766 462 2836 filia.

449 2982 503 2995 ......
516 2948 604 2997 Forma
617 2949 696 3011 lepida
705 2958 730 2999 et
740 2951 836 3001 liberali.
844 2953 908 3010 est³‚

316 3108 357 3172 ait
366 3109 486 3174 Toxilus
497 3132 503 3188 ;
514 3119 544 3174 et
557 3112 698 3177 continuo
711 3113 840 3193 Saturio,
858 3117 975 3197 patroni
985 3116 1076 3180 minis
1089 3126 1119 3181 et
1133 3116 1398 3202 pollicitationibus

317 3217 427 3295 vietus,
451 3218 515 3283 haec
540 3217 645 3283 addit:
1061 3235 1065 3240 ’

442 3404 487 3453 Ter
498 3413 565 3455 tanto
575 3406 644 3470 pejor
655 3406 707 3468 ipsa
717 3404 747 3454 ’st
753 3440 760 3465 ‚
773 3420 846 3469 quam
858 3408 924 3455 illam
935 3415 961 3457 tu
974 3422 1026 3457 esse
1040 3410 1075 3457 vis
1086 3408 1107 3456 ⁴.

316 3566 408 3653 Virgo
430 3565 494 3651 ipsa
520 3566 653 3653 procedit
678 3568 710 3633 in
735 3588 874 3648 scenam,
899 3580 966 3635 actu
991 3571 1090 3637 tertio.
1116 3573 1204 3637 Illam
1228 3573 1274 3638 sni
1297 3572 1396 3638 consi-

316 3672 347 3739 lii
363 3676 522 3741 certiorem
535 3675 604 3741 fecit
616 3686 702 3761 pater
715 3728 725 3756 ,
747 3678 831 3763 cujus
845 3676 927 3762 prins
944 3678 1028 3745 dolos
1045 3679 1215 3766 adjuturam
1234 3702 1266 3747 se
1282 3692 1396 3768 negat,

317 3802 381 3849 rem
395 3784 487 3849 talem
500 3784 625 3870 indigne
637 3786 736 3851 ferens
753 3808 762 3849 2

442 3969 514 4017 Tuin’
525 3971 616 4027 ventris
626 3984 698 4019 causa
712 3969 787 4019 filiam
799 3972 884 4022 vendis
895 3973 979 4021 tuam?

441 4048 460 4095 l'
463 4055 527 4097 trum
539 4055 566 4097 tu
578 4063 624 4112 pro
637 4049 723 4097 ancilla
737 4063 776 4099 me
787 4050 875 4110 hebes,
886 4066 916 4100 an
930 4066 975 4114 pro
986 4052 1070 4103 filias?

351 4254 359 4285 ¹
377 4255 461 4313 Persa,
474 4256 494 4313 1,
507 4260 530 4312 3,
542 4260 572 4303 55
583 4264 605 4305 et
620 4270 705 4319 sqq.-
721 4258 864 4308 alatam.
872 4264 943 4308 65.-
952 4261 963 4294 ³
973 4261 1010 4310 bt.
1018 4260 1096 4309 idea.
1107 4264 1179 4307 50.—
1188 4262 1201 4297 ⁴
1211 4260 1247 4309 Id.
1261 4259 1296 4307 id.
1308 4259 1347 4307 id.
1356 4263 1398 4307 m.

348 4333 411 4385 ΠΛ.
427 4336 474 4391 ΠΙ,
491 4340 516 4391 1,
534 4339 575 4391 10,
589 4338 626 4383 13.
