3250 5050
632 374 841 458 ’-33-

210 527 276 592 Cito
287 528 413 592 recurrit
426 527 463 592 ad
474 545 597 592 suarum
607 528 759 612 indolem,
775 549 843 615 quas
852 531 982 620 patiatur
989 533 1083 617 patris
1093 543 1124 598 et
1134 533 1188 598 filii
1201 509 1288 620 turpe

210 634 461 714 contubernium;
484 638 652 722 verbaque,
675 658 742 723 quae
762 649 829 706 tum
849 639 980 724 profert,
1002 641 1066 706 vitii
1087 641 1288 726 ignorantiam

210 751 379 823 testantur,
394 742 541 810 indicium
552 744 719 832 imperfecti
733 756 763 814 et
774 748 882 835 abjecti
893 766 1052 833 magnaei
1063 758 1147 834 parte
1158 749 1284 833 ingenii.

210 851 292 931 Quid
307 852 402 918 vero?
421 854 561 920 Meretrix
580 865 644 936 est,
666 876 790 937 amans,
817 858 944 942 ideoque
961 879 1051 945 supra
1076 860 1184 943 vulgus
1202 859 1289 924 simi-

210 960 285 1026 lium
294 963 341 1027 sui
355 983 387 1028 se
399 963 527 1043 tollens,
542 974 572 1030 at
583 963 718 1032 recidens
739 984 809 1030 mox
831 966 869 1031 ad
890 986 995 1033 earum
1014 967 1228 1054 opprobrium,
1250 970 1288 1033 ob

210 1070 291 1154 leges
300 1073 501 1158 quasaecipit,
516 1082 568 1138 aut
577 1072 686 1158 quihus
698 1093 730 1139 se
739 1072 847 1160 subjici
856 1074 928 1140 sinit
937 1070 1015 1163 (lege
1026 1076 1109 1142 enirn
1120 1074 1289 1159 pactionem

209 1196 301 1262 quam
313 1179 457 1247 instruxit
472 1179 651 1271 Diabolus),
669 1191 699 1248 et
712 1183 750 1247 oh
764 1201 910 1248 sensuum
923 1182 1126 1249 humilitatem
1137 1182 1169 1248 in
1189 1183 1290 1249 omni-

210 1289 267 1354 bus
279 1293 369 1358 rebus
382 1309 449 1374 quaa
461 1310 521 1355 non
535 1289 573 1354 ad
585 1308 718 1356 amorem
732 1289 895 1375 pertinent.

151 1471 152 1476 ,
214 1425 218 1430 ·
257 1398 395 1484 Exceptis
406 1397 509 1482 paucis
520 1400 610 1464 rehus
621 1398 760 1466 eamdem
773 1398 954 1464 sententiam
973 1398 1052 1486 feres
1074 1399 1111 1464 dc
1132 1397 1291 1464 Lemnise-

212 1510 289 1587 lene‚
304 1505 480 1586 Phoenicm,
496 1505 726 1572 Philocomasio.
745 1508 817 1572 llaec
836 1524 907 1571 eum
929 1514 1010 1571 amat
1022 1525 1110 1589 aquo
1130 1505 1219 1570 militi
1237 1526 1291 1570 su-

212 1615 365 1706 hripitur:

338 1796 501 1860 Conqueritur
510 1793 607 1856 mecum
617 1795 704 1846 mulier
716 1795 828 1847 fortunas
838 1810 910 1856 suas;

266 1905 268 1908 -
338 1876 379 1925 Ait
389 1890 441 1926 sese
451 1875 558 1926 Athenas
566 1875 651 1938 fugere
665 1889 753 1938 cupere
763 1890 794 1925 ex
806 1876 852 1924 hac
866 1874 956 1935 domu,

336 1955 392 2007 Sese
401 1957 472 2008 illum
482 1969 563 2008 aurare
572 1971 655 2006 meum
669 1957 769 2015 herum,
778 1956 882 2006 Athenis
892 1957 936 2020 qui
948 1957 1011 2016 fuit,
1020 1963 1067 2006 etc.
1077 1959 1088 1992 ¹

211 2116 324 2206 Verum
337 2134 432 2202 amori
444 2133 662 2220 impudentiam
686 2134 769 2201 addit
780 2145 811 2201 et
823 2117 970 2200 fraudem.
989 2133 1078 2213 Quod
1091 2135 1247 2200 Palaestrio
1260 2133 1288 2199 ei

211 2247 318 2315 suadet
331 2255 365 2312 ut
376 2244 431 2324 sit,
448 2263 482 2311 ea
495 2254 540 2312 est
552 2262 655 2310 revera
668 2265 675 2306 :
705 2313 707 2318 ,

339 2427 371 2478 Os
381 2429 467 2487 hahet,
477 2429 584 2490 liugnam
591 2461 601 2486 ‚
609 2426 750 2489 perfidiam,
760 2425 876 2476 malitiam
886 2435 957 2490 atque
967 2426 1091 2478 audaciora
1097 2461 1107 2486 5

335 2507 525 2567 Confidentiour,
535 2506 735 2568 confirmitatem,
748 2507 951 2568 fraudulentiam,
965 2506 1033 2557 etc.¹

210 2686 289 2753 lllud
300 2687 364 2774 ipsa
377 2687 533 2773 profitetur
549 2740 556 2767 ‚
570 2680 833 2775 jactatque'artem
845 2706 933 2753 suam
945 2686 1012 2754 sine
1023 2687 1224 2755 verecundia:

602 2904 658 2919 ......
668 2870 734 2921 Cedo
747 2872 785 2921 vel
793 2871 883 2934 *decem
889 2905 898 2930 ,
909 2870 1016 2921 edocebo
1029 2887 1036 2920 ε

335 2950 433 3001 lleruiui
444 2950 535 3009 orclas,
547 2957 577 3000 ut
585 2952 634 3000 sint
648 2951 734 3011 malm
743 2949 804 2999 mihi
814 2950 898 2999 solaee
909 2963 960 3013 quo
970 2949 1100 3013 superfit&

260 3134 321 3199 Nos
334 3149 437 3197 amore
446 3151 501 3196 suo
511 3131 741 3198 Lemniselene⁸
753 3140 903 3210 moveret,
917 3129 976 3195 nisi
989 3139 1069 3195 esset
1080 3130 1175 3195 amica
1186 3129 1264 3196 servi
1278 3180 1286 3209 ,

213 3249 244 3305 et
256 3238 315 3304 nisi
325 3239 473 3325 particeps
485 3248 564 3304 essct
575 3239 797 3305 cavillationum
808 3239 919 3323 quibus
932 3238 1081 3303 Dordalus
1098 3240 1155 3305 suh
1167 3238 1227 3304 fine
1245 3238 1292 3304 fa·

214 3347 293 3413 bulae
303 3346 469 3433 impetitur.
485 3347 701 3431 Phoenicium*
715 3348 764 3413 vix
778 3368 839 3413 uno
851 3344 995 3430 temporis
1018 3357 1129 3433 puncto
1141 3355 1263 3432 apparet
1278 3368 1287 3424 ;

245 3600 254 3634 ¹
270 3599 325 3649 llil.
338 3592 378 3649 ut:
391 3598 423 3659 ll,
435 3603 458 3659 t,
469 3602 509 3648 tr.
522 3628 553 3636 -·
566 3601 579 3636 ἱ
591 3600 628 3649 ld.
640 3600 673 3661 11,
682 3605 713 3659 ἱ,
726 3604 766 3649 33.
782 3599 881 3649 Retinui
896 3598 1025 3649 lectionem
1038 3596 1150 3646 ωάἰοωιι
1171 3596 1221 3645 lere
1232 3608 1287 3643 om·

215 3680 294 3737 nium,
302 3678 360 3728 licet
372 3678 439 3729 aliud
448 3687 570 3743 proponat
581 3681 736 3730 Ritschelius.

244 3757 304 3807 ³ld.
314 3756 346 3815 11,
360 3759 390 3815 t,
409 3761 433 3805 ἢ.
448 3757 568 3809 substitui
578 3758 657 3809 Mrem
672 3757 771 3807 edocebo
781 3756 881 3807 lectioni
895 3756 998 3807 Naudeti
1011 3756 1094 3805 dctttu
1106 3754 1208 3813 umato,
1227 3766 1289 3801 mss.

215 3838 285 3889 codd.
296 3838 438 3888 auctoritate
450 3836 538 3887 fretus.

244 3920 354 3969 ⁴Peraa.
377 3918 434 3969 llid.
453 3919 545 3968 Ritsch.
559 3918 651 3981 proleg.
670 3917 701 3967 ed
723 3916 831 3967 Persam.
853 3917 992 3968 Arbitratur
1014 3929 1103 3965 nomen
1116 3912 1290 3963 Lemniselenis

216 3998 355 4063 ponendum
369 4012 430 4047 esse.

246 4076 411 4127 ⁵Pseudoluo.
422 4076 482 4127 Vide
493 4084 573 4127 tamen
583 4090 655 4139 quam
671 4077 771 4127 facetam
789 4078 914 4140 epistolam
934 4076 1033 4132 scribat,
1048 4074 1074 4131 1,
1091 4077 1115 4132 1,
1125 4076 1165 4121 to.
1181 4070 1218 4120 ut.
1232 4087 1288 4123 oum

216 4154 370 4217 Alciphronis
385 4155 526 4204 meretriciis
541 4155 656 4218 epistolis.
672 4156 702 4205 lli
713 4170 785 4219 quam
802 4156 873 4205 nobis
889 4154 1015 4217 proposuit
1028 4152 1128 4200 Plautus
1138 4152 1200 4200 inest
1213 4152 1289 4214 gratia

217 4250 323 4294 amoena,
337 4234 406 4284 nimii
420 4235 499 4286 cultus
513 4234 692 4301 haudpxpers,
707 4243 731 4286 et
743 4236 865 4299 praecipue
880 4235 1030 4297 voluptatum
1048 4234 1167 4295 exquisita
1180 4232 1290 4290 scientia,

217 4316 315 4365 alumna
327 4315 452 4374 Ballionis,
458 4329 534 4378 quam
548 4324 679 4367 summates
687 4318 733 4367 viri
743 4315 840 4365 delicias
848 4314 937 4363 hahent
943 4347 952 4374 ,
965 4311 1112 4374 dignissima.

1027 4419 1044 4468 3
