3250 5050
759 420 952 496 *3ss-

326 559 359 624 Εἰ
381 560 479 626 arcula
502 565 546 625 est
560 552 743 625 ornamentis
756 558 861 642 plena:
876 577 1004 636 cerussa,
1020 561 1174 644 pigmento
1196 551 1357 641 utitur,’et,
1372 563 1397 628 si

324 668 391 751 quis
415 669 494 734 illius
507 667 633 734 armaria
655 665 799 743 recludat,
815 665 947 730 inveniat
970 675 1050 731 certe
1062 685 1183 732 omnem
1206 670 1291 734 illurn
1305 658 1397 735 mun-¹

322 773 394 839 dum
405 775 582 842 muliebrem
592 790 680 858 quem
693 792 729 837 ex
740 771 845 837 ordine
858 781 991 837 recenset
1000 771 1032 836 in
1042 772 1164 858 Epidico
1173 767 1358 860 Periphanes
1373 799 1381 838 z

447 958 564 1007 Tunicam
579 952 677 1014 reliam,
692 959 798 1006 tunicam
810 958 928 1020 spissam,
945 958 1074 1008 linteolum
1088 959 1226 1016 caesicium,

447 1037 611 1096 lndusiatam,
621 1039 764 1100 patagiatam
770 1072 779 1097 ,
789 1039 902 1087 caltulam
914 1046 956 1087 aut
968 1041 1111 1090 crototulam
1117 1075 1126 1099 ,

448 1116 600 1178 Subparum,
612 1124 654 1166 aut
667 1118 818 1166 subnimium
825 1151 833 1176 ‚
844 1119 933 1176 ricem,
947 1119 1086 1178 basilicum,
1096 1128 1138 1169 aut
1150 1120 1285 1177 creticum,

446 1196 564 1247 Cumatile
576 1204 618 1246 aut
631 1197 769 1260 plumatile,
779 1200 889 1247 cerinum
899 1207 941 1248 aut
955 1198 1071 1248 melinum
1084 1215 1091 1248 τ
1104 1215 1179 1262 gerrae
1189 1214 1309 1249 maxuma
1318 1202 1338 1247 ¹.

321 1363 396 1441 Quis
416 1383 485 1429 vero
497 1383 559 1428 non
571 1363 598 1428 ei
611 1361 764 1447 ignoscat?
777 1363 811 1428 ld
833 1363 914 1426 enim
937 1383 1031 1428 unum
1044 1363 1149 1448 querit
1164 1374 1196 1428 ut
1220 1387 1235 1429 a
1261 1364 1396 1430 Philola-

319 1471 405 1537 chete
419 1482 554 1538 ametur:

444 1657 498 1705 Tibi
509 1669 548 1704 me
558 1670 650 1706 exorno
661 1664 688 1704 ut
698 1656 805 1718 placeam
817 1657 837 1702 Ἰ.

319 1819 410 1885 Grata
422 1828 468 1885 est
480 1819 559 1903 quod
571 1821 608 1884 ab
620 1839 655 1885 eo
668 1827 714 1884 est
727 1819 864 1884 libertate
876 1820 996 1885 donata.
1012 1821 1130 1886 Addam
1143 1818 1210 1900 hoc,
1225 1841 1293 1886 eum
1312 1833 1393 1888 amat

317 1938 347 1992 et
360 1949 427 1994 vere
442 1939 533 1994 amat.
560 1929 615 1995 Sin
635 1930 739 2006 aliter,
760 1929 811 2014 qui
831 1929 983 1996 resisteret
995 1930 1116 2014 persidis
1134 1931 1393 1998 adhortationibus

318 2037 453 2123 Scaphae.
470 2038 510 2102 At
519 2036 562 2102 illi
574 2058 635 2102 uno
646 2038 737 2103 verbo
751 2038 922 2123 comprimit
933 2060 966 2103 os
980 2061 986 2102 ε

443 2221 468 2270 Si
482 2221 538 2284 quid
555 2229 581 2270 tu
594 2221 619 2269 in
632 2222 702 2270 illum
714 2222 777 2271 bene
792 2223 859 2272 voles
872 2224 954 2287 loqui,
964 2223 988 2272 id
1002 2225 1070 2286 loqui
1084 2225 1184 2274 licebit:
1253 2198 1255 2203 Ι
1282 2230 1286 2237 ’

442 2301 490 2350 Ν66
505 2309 568 2350 recte
583 2303 603 2349 si
613 2302 647 2350 illi
660 2300 762 2358 dixeris,
771 2302 838 2364 jam,
852 2311 958 2363 ecastor,
972 2303 1097 2366 vapulabis
1106 2301 1126 2350 ⁸.

316 2464 391 2541 Quae
414 2463 503 2529 verba
527 2464 648 2549 reperit,
674 2473 705 2529 ut
728 2474 866 2531 mutuum
887 2486 1020 2533 amorem
1036 2467 1233 2535 Philolacheti
1246 2477 1387 2549 testetur,

316 2570 537 2655 simplicissima
549 2580 630 2650 sunt;
646 2572 698 2637 sed
711 2574 782 2657 quid
796 2573 925 2659 amplius
937 2575 1115 2641 desideres‘.l

440 2755 519 2804 Lubet
531 2763 570 2812 et,
581 2756 682 2819 edepol,
694 2757 752 2806 mihi
763 2765 843 2807 tecum
850 2721 924 2816 ,inam
938 2762 1003 2823 quod
1014 2762 1058 2812 tibi
1068 2762 1137 2811 lubet
1141 2796 1149 2821 ,
1160 2761 1224 2810 idem
1236 2760 1295 2809 mihi
1304 2760 1388 2818 lubet,

439 2835 491 2884 blaa
504 2836 624 2899 voluptas.
1144 2836 1154 2859 ‘¹

437 2914 507 2964 Certe
519 2930 576 2979 ego,
587 2915 653 2979 quod
663 2923 686 2965 te
699 2931 768 2976 arno,
783 2932 882 2980 operam
893 2934 1013 2982 nusquam
1023 2922 1111 2969 melius
1122 2920 1191 2983 potui
1201 2934 1291 2983 ponere
1301 2921 1321 2955 ⁴·

313 3080 502 3163 Pasicompsa
514 3079 610 3145 amica
623 3088 668 3143 est
683 3080 824 3163 ingenua,
835 3080 899 3146 haec
908 3082 1004 3148 amica
1015 3084 1191 3168 elegantior.
1209 3086 1300 3149 Deest
1312 3084 1389 3149 utri-

313 3208 370 3272 que
382 3187 534 3274 pudicitiae
545 3197 695 3266 venustas,
709 3196 739 3251 et
759 3185 827 3253 ideo
840 3188 940 3255 lorsan
950 3180 989 3257 de
1003 3192 1110 3258 decore
1127 3192 1240 3276 aliquid
1256 3192 1383 3258 tollitur.

313 3296 388 3374 Quis
398 3316 466 3361 vcro
479 3295 659 3362 contendere
679 3294 787 3359 audeat
799 3315 859 3361 non
880 3298 1016 3364 illiscsse
1028 3302 1161 3384 leporem
1173 3301 1385 3384 nescioquem,

313 3404 492 3487 dignitatem
504 3403 665 3487 quamdam
677 3420 734 3488 qua
745 3404 872 3469 'omnino
881 3416 1077 3472 secernuntur
1100 3408 1386 3491 amulieribusquae

313 3526 424 3579 nomen
434 3512 515 3578 idem
524 3513 637 3578 habent
648 3514 841 3579 meretricum
851 3524 901 3580 aut
911 3517 1155 3599 concubinamm,
1165 3517 1285 3583 illarum
1294 3517 1386 3584 etiam

312 3630 379 3705 quae
388 3621 524 3705 proxime
537 3622 568 3685 in
581 3619 639 3686 hoc
652 3624 794 3706 opusculo
811 3633 987 3708 sequuntur.
1025 3698 1027 3702 ,

357 3732 412 3795 Hae
424 3748 504 3795 nunc
524 3737 612 3795 castae
635 3748 773 3796 mansere
793 3732 872 3797 inter
894 3734 1024 3818 plurima
1040 3733 1110 3800 vitae
1121 3734 1262 3821 pericula,
1277 3734 1385 3799 Casina

311 3840 434 3919 scilicet,
458 3836 658 3917 Anterastilis,
681 3838 913 3923 Adelphasium,
929 3842 1112 3921 Planesium,
1125 3843 1305 3927 Ampelisca,
1326 3844 1386 3907 Pa-

312 3951 423 4013 laestra.
1133 4018 1137 4023 .
1446 3944 1450 3949 ’

356 4057 481 4137 Casina,
500 4058 530 4122 in
542 4076 577 4121 ea
590 4057 688 4122 fabula
700 4074 767 4140 quac
779 4066 900 4142 propter
911 4076 978 4122 eam
990 4057 1112 4125 titulum
1123 4062 1223 4140 habet,
1239 4080 1277 4127 ne
1289 4078 1383 4124 unum

343 4291 350 4322 ¹
366 4288 464 4349 Epidio.
475 4287 512 4344 ll,
528 4294 557 4344 P,
570 4292 610 4335 lb.
622 4316 652 4325 -
667 4290 679 4323 ²
693 4289 1042 4347 bertalamius-³111.
1057 4287 1343 4352 id.id.,8e.-'⁴1d.l,
1358 4294 1385 4348 3,

304 4371 358 4416 438
371 4375 394 4415 et
409 4370 462 4414 lte.
