3250 5050
754 439 798 452 ..-
826 406 868 472 22
892 442 938 456 ..-

309 536 498 622 potissimum
520 541 684 606 Dordalum
707 543 822 607 saliant.
851 547 957 610 Nescio
980 567 1040 625 an,
1067 545 1175 612 diversi
1197 534 1316 632 generis
1329 547 1385 613 ba-

308 646 370 712 bita
391 647 529 726 ratione,
559 649 657 716 simile
682 652 721 716 sit
740 652 907 719 diverbium
930 650 1006 720 iilud
1026 657 1182 722 notissimo
1204 657 1292 722 unius
1314 679 1385 724 nos-

306 753 392 818 tratis
410 769 497 842 poeta
517 761 670 846 tragoediae
690 762 805 826 alterno
817 763 948 829 sermoni
960 765 983 828 ¹.
999 765 1142 842 Quamvis
1155 767 1232 850 patri
1245 765 1386 833 fiduciam

309 870 437 951 babeat,
463 882 493 937 et
506 871 763 937 adhortationibus
782 871 877 936 Toxili
892 881 1056 945 recreetur,
1077 873 1287 939 enodationem
1298 877 1389 959 paulo

309 978 471 1044 tardiorem
482 1001 547 1045 esse
559 979 720 1045 arbitratur
736 1003 742 1042 :

348 1187 355 1200 ·
436 1165 504 1214 Pater
516 1179 580 1214 nunc
593 1172 678 1214 cessat.
690 1193 720 1202 -
731 1162 793 1222 Quid
806 1165 828 1213 si
837 1162 997 1213 admoneam?
1012 1193 1042 1200 -
1054 1167 1159 1231 Tempus
1170 1171 1228 1218 est¹.

311 1332 377 1407 Quo
401 1329 647 1412 superveniente,
672 1348 774 1394 rursus
798 1328 832 1393 srt
854 1331 943 1394 laeta:

654 1513 723 1562 Salve
736 1517 856 1580 multum,
868 1515 903 1562 mi
916 1522 1001 1579 pater,

437 1594 506 1646 Pater
516 1595 555 1643 bic
566 1609 634 1643 meus
645 1594 706 1642 est³.

313 1779 357 1840 Ex
369 1797 404 1840 eo
418 1785 552 1861 ternpore
571 1777 690 1842 nulium
712 1796 749 1840 cx
770 1764 835 1862 ejus
859 1797 910 1842 ore
933 1778 1057 1842 verbum
1082 1777 1192 1844 excidit
1207 1801 1215 1858 ;
1231 1779 1331 1844 iuncta
1343 1789 1389 1844 est

313 1885 395 1952 enim
419 1906 472 1950 suo
490 1885 676 1965 ministerio,
698 1886 948 1973 prosceniumque
973 1887 1138 1972 relinquit,
1161 1909 1222 1954 non
1242 1885 1386 1953 reditura.

273 2040 275 2045 ,
314 1996 403 2073 Quod
427 1996 465 2060 de
498 2017 531 2062 ea
551 1995 701 2082 judicium
726 1979 884 2062 ferendum
906 1995 981 2062 esti
998 1999 1078 2063 Num
1093 1996 1125 2061 id
1147 1997 1229 2082 quod
1249 1997 1390 2080 augurari

314 2105 472 2171 debuimus
486 2126 523 2170 ex
537 2105 704 2171 Saturionis
718 2105 817 2173 verbis
831 2114 878 2170 ter
891 2114 976 2170 tanto
988 2106 1075 2200 pejor
1084 2105 1153 2171 eat?
1169 2110 1235 2172 Non
1250 2105 1390 2190 equidem

298 2297 300 2304 y
314 2215 527 2299 opinorVirgo
537 2216 632 2280 multo
646 2215 809 2294 meliorest
822 2225 923 2300 patre3
936 2216 963 2280 ei
976 2226 1022 2282 est
1034 2216 1066 2281 in
1076 2215 1177 2281 animo
1188 2214 1240 2280 iila
1250 2215 1391 2300 gravitas,

316 2322 390 2386 illud
425 2322 583 2387 consilium
607 2323 688 2406 quod
713 2325 879 2388 Romanam
902 2323 997 2390 decet.
1038 2324 1149 2388 Verum
1188 2323 1293 2388 dubito
1317 2341 1391 2386 num

316 2431 453 2496 Lucretia
479 2440 528 2496 aut
552 2431 688 2496 Cornelia
711 2432 803 2496 altera
825 2431 922 2496 futura
940 2432 989 2497 sit.
1004 2435 1131 2498 Necesse
1144 2441 1190 2496 est
1210 2440 1279 2496 ante
1291 2429 1393 2495 omnia

317 2541 461 2605 maritum
485 2541 634 2619 inveniat,
659 2550 689 2605 et
700 2542 837 2625 quamvis
850 2542 928 2607 dotis
941 2544 1176 2608 locoseoecentos
1192 2541 1277 2627 topos
1289 2540 1393 2604 datum

317 2648 353 2713 iri
376 2649 496 2715 Saturio
513 2650 708 2735 polliceatur,
735 2649 861 2716 miserta
882 2652 1048 2718 assentior:

446 2838 534 2887 Verum
550 2838 630 2887 videto
641 2852 679 2886 me
691 2837 735 2887 ubi
748 2838 815 2887 voles
827 2838 933 2887 nubtum
945 2836 1018 2893 dare,

444 2916 479 2966 Ne
489 2918 541 2966 baec
551 2918 615 2967 fama
629 2918 699 2969 faciat
710 2916 851 2980 repudiosas
862 2918 959 2966 nubtias
969 2917 988 2963 ⁴.

321 3100 420 3163 Metuo
433 3117 471 3162 ne
484 3098 583 3161 nullus
601 3097 677 3163 alius
697 3118 767 3164 eam
787 3099 930 3164 ducturus
955 3098 1015 3176 sit,
1043 3097 1101 3162 nisi
1125 3096 1293 3182 parasitus,
1319 3091 1397 3177 patri

320 3205 466 3283 similior,
495 3214 525 3270 et
549 3204 618 3270 licet
640 3206 758 3291 sapiens
783 3206 868 3292 quasi
892 3208 992 3292 praeda
1017 3206 1132 3293 objecta
1157 3215 1203 3270 est
1223 3203 1346 3289 flagitiis
1367 3211 1397 3268 et

321 3315 486 3381 fraudibus.
514 3314 619 3385 Nescio
642 3337 680 3380 an
703 3316 916 3396 Acroteleutii,
953 3337 1044 3401 quam
1069 3315 1269 3403 spectabimus
1296 3316 1395 3388 ultra,

322 3443 386 3487 sors
409 3422 492 3487 illam
518 3432 656 3501 maneat;
684 3436 805 3510 propter
828 3426 927 3510 ipsum
949 3424 1106 3510 ingenium
1123 3425 1179 3489 bac
1202 3433 1253 3489 aut
1275 3423 1325 3488 illa
1350 3421 1399 3494 die

326 3642 374 3707 bic
388 3641 625 3708 autemhonesta
639 3628 723 3727 uirgo
735 3645 812 3728 patri
836 3665 927 3729 pravo
947 3645 1208 3721 reluctatur‚etis
1228 3652 1313 3728 pater
1324 3641 1400 3707 liber

325 3752 397 3818 civis
420 3762 476 3818 est.
501 3752 642 3819 Nondum
664 3753 769 3818 eodem
795 3753 918 3819 malitias
940 3762 1077 3818 matrona
1098 3753 1204 3831 uenit3
1229 3762 1260 3816 et
1276 3770 1401 3835 exspec-

325 3862 448 3929 tandum
457 3870 505 3931 est
527 3862 622 3930 donec
638 3862 675 3929 ad
690 3863 819 3947 pessima
834 3862 953 3947 imperii
964 3872 1101 3946 tempora
1113 3859 1394 3927 descenderimus-⁸.
1437 3856 1450 3875 ⁶

327 3973 366 4036 dt
390 3976 435 4039 vir
459 3970 564 4057 prior,
587 3972 683 4057 utqui
706 3972 738 4037 in
751 3974 815 4038 soro
828 3972 968 4037 omnibus
989 3970 1103 4037 artibus
1125 3970 1287 4057 permistus
1299 3969 1400 4048 vivat,

358 4213 367 4248 ¹
380 4209 463 4257 Racin.
478 4208 535 4257 Act.
550 4216 595 4257 act.
607 4207 638 4266 ΙΙ,
650 4223 683 4256 sc.
699 4212 721 4255 7.
734 4209 785 4243 -2
799 4210 886 4267 Perae,
901 4209 943 4267 lv,
957 4213 982 4267 ’1,
993 4210 1031 4256 tt.
1043 4234 1074 4244 -
1085 4208 1145 4257 add.
1156 4207 1191 4256 s'd.
1203 4211 1227 4264 0,
1238 4211 1287 4254 2et
1297 4209 1325 4252 t..

358 4288 369 4323 ⁴
383 4288 418 4337 id.
434 4288 476 4345 111,
491 4289 511 4346 1,
522 4292 561 4337 55.
576 4288 675 4351 Recipio
687 4290 814 4338 lectionem
825 4290 956 4348 Ritscbetii,
967 4290 1022 4339 ireti
1032 4289 1156 4338 codicibus
1169 4287 1291 4337 omnibus.

360 4368 480 4416 ⁵Potron.
495 4368 577 4429 Sntpr.
593 4372 647 4415 rto.
661 4369 768 4417 Matrona
779 4370 841 4418 inter
851 4370 940 4431 primas
951 4370 1060 4426 honesta,
1074 4376 1119 4417 etc.
