3250 5050
661 401 844 466 ..55-

214 539 300 609 nobis
325 553 403 608 osset
426 563 479 607 our
496 542 571 608 alias
592 541 854 608 dissimilitudines
873 552 1066 621 notaremus;
1091 544 1200 629 cuique
1221 563 1291 628 pro·

212 650 313 734 prium
334 637 412 716 esset
434 649 559 735 aliquid.
581 650 720 717 Imitatur
738 651 862 717 Plautus
877 652 1014 730 Graeeos,
1035 651 1138 718 utillo
1157 649 1308 738 tempore

212 777 278 825 mos
289 770 353 827 erat
368 760 517 826 imitandi.
535 762 657 828 Fabulae
672 760 804 840 Graeoae,
820 780 948 846 quorum
967 762 1149 848 exemplaria
1163 761 1293 828 habebat

213 869 426 951 inmanibus,
453 891 528 956 quas
552 870 643 937 etiam
666 881 746 938 actas
774 871 875 936 videre
903 869 1001 956 potuit
1020 871 1052 936 in
1080 871 1205 938 urbibus
1228 871 1293 957 ejus
1345 955 1348 960 Ι

210 977 304 1044 ltaliae
326 980 476 1065 regionis,
502 1000 570 1065 quae
590 981 698 1066 Magna
722 981 838 1046 Graecia
866 981 1045 1059 vocabatur,
1070 980 1098 1046 ei
1122 981 1171 1046 sui
1193 981 1292 1067 operis
1373 988 1376 992 ’

210 1085 442 1154 fundamentum
454 1141 461 1168 ,
473 1098 707 1173 argumentum,
725 1090 899 1167 subtemen,
914 1097 950 1154 ut
963 1090 1005 1154 111
1023 1089 1140 1169 dicam,
1164 1089 1294 1156 sufficie

211 1198 294 1262 bant.
314 1199 358 1262 Ex
371 1198 415 1264 eis
429 1199 557 1277 nodum,
576 1218 700 1264 casuum
714 1199 909 1293 varietatem,
934 1197 1147 1283 appendiculas
1158 1199 1202 1264 rei
1215 1219 1294 1285 prte-

211 1307 325 1392 eipuae,
352 1309 482 1394 primam
494 1309 755 1375 adumbrationem
769 1308 898 1386 fabulae,
920 1327 1020 1374 mores
1033 1308 1125 1374 etiam
1149 1329 1291 1395 excerpe-

211 1418 529 1497 1110111111
556 1417 831 1498 11111111111111,
874 1436 929 1502 pro
952 1418 1091 1502 iugenio,
1127 1439 1181 1504 pro
1206 1438 1292 1504 spec
1365 1479 1369 1486 .

209 1537 350 1608 latorum,
364 1545 494 1612 quorum
508 1529 631 1612 plausus
643 1527 783 1612 optabat,
798 1526 910 1607 studio,
925 1527 1082 1594 vestiebat
1100 1531 1207 1595 Nonne
1221 1528 1293 1593 bino

210 1635 324 1722 aliquid
347 1636 502 1722 proprium
526 1637 649 1706 oritur?
672 1638 709 1701 Et
727 1636 806 1721 apud
830 1656 885 1702 nos
900 1645 946 1704 est
963 1638 1138 1722 exemplum
1160 1637 1293 1704 notabile

210 1745 335 1831 hujusce
358 1745 496 1812 imitandi
511 1745 646 1812 rationis.
665 1745 807 1812 Molerius
819 1799 826 1825 ,
839 1745 892 1830 qui
911 1745 1090 1839 suumjus’,
1102 1745 1291 1831 ubicumque

210 1853 372 1938 reperiret,
388 1856 555 1940 repetebat,
571 1873 662 1940 quam
677 1856 772 1920 multa
787 1853 1293 1934 1111161111,111111111111111,
1382 1843 1389 1866 '

212 1964 361 2030 veteribus
384 1964 463 2050 apud
479 1965 581 2031 Gallos
590 1965 729 2051 jocorum
748 1961 914 2030 actoribus!
933 1964 966 2029 Si
983 1983 1074 2050 quem
1082 1964 1202 2051 juvabit
1214 1965 1292 2030 scire

210 2091 269 2159 quo
281 2071 371 2139 modo
383 2073 483 2139 Latini
496 2073 609 2139 Comici
623 2095 639 2139 e
650 2076 754 2141 Graeeo
767 2073 942 2160 inpetrium
951 2092 1122 2140 sermonem
1134 2073 1212 2138 furta
1224 2093 1289 2154 sua,

209 2199 304 2269 quum
324 2185 527 2268 fragmentum
539 2184 631 2249 etiam
644 2192 741 2249 totum
754 2185 981 2264 transferretur,
1004 2192 1227 2262 converterent,
1250 2185 1291 2250 liv

204 2293 287 2360 oebit
305 2293 336 2358 id
359 2293 474 2362 discere
496 2278 644 2358 evolventi
657 2294 769 2359 Aulum
794 2293 928 2360 Gellium
949 2293 1107 2360 Menandri
1121 2295 1295 2380 Caeciliique

208 2405 314 2471 eadem
326 2404 363 2469 de
378 2425 410 2470 re
425 2423 520 2490 genus
532 2404 651 2470 dicendi
664 2406 918 2489 comparantemt.
935 2404 1056 2470 Omisso
1070 2405 1196 2491 judicio,
1210 2407 1294 2491 quod

209 2514 300 2579 habet
313 2513 351 2580 de
365 2522 493 2599 utroque
510 2523 616 2600 poeta,
639 2534 694 2579 neo
718 2521 820 2579 notata
841 2509 1016 2584 infirmitate
1027 2537 1043 2593 ,·
1059 2532 1118 2600 qua
1141 2514 1292 2582 convincit

209 2624 349 2689 Latinum
363 2674 370 2701 ,
386 2623 417 2688 id
428 2632 531 2690 tamen
545 2632 681 2707 superest
701 2623 788 2689 nobis
802 2623 1117 2703 animadvertendum,
1129 2622 1291 2709 argumen-

208 2742 274 2797 tum
287 2732 401 2799 scilioot
423 2732 533 2797 fabulae
546 2726 624 2799 nihii
638 2732 720 2799 aliud
734 2730 799 2799 esse
814 2732 872 2798 nisi
886 2734 1064 2814 materiam,
1081 2753 1173 2818 quam
1194 2734 1297 2799 varia.

210 2850 278 2907 rent
289 2840 469 2920 imitatores,
485 2850 519 2905 ut
530 2841 606 2906 eirca
620 2841 700 2906 idem
714 2841 863 2907 canticum
875 2842 1063 2907 multimodis
1075 2842 1254 2910 flexionibus
1263 2853 1294 2919 et

209 2949 465 3016 modulationibus
478 2959 605 3015 utuntur
618 2948 736 3015 musici.
754 2949 842 3028 Quod
857 2950 895 3015 ad
906 2950 1048 3015 Plautum
1059 2950 1160 3036 ipsum
1174 2951 1298 3034 attinet,

213 3079 273 3123 non
297 3078 334 3123 ex
357 3059 394 3125 iis
412 3059 608 3145 scriptoribus
621 3078 697 3144 quos
710 3057 847 3124 imitatus
864 3054 925 3140 est,
942 3068 1005 3125 tam
1019 3061 1109 3145 longa
1123 3061 1292 3146 fragmenta

180 3178 183 3185 '
212 3171 314 3236 relicta
324 3180 405 3250 sunt,
416 3180 450 3236 ut
458 3169 678 3257 ejusdemmodi
687 3170 806 3237 collatio
815 3170 1119 3257 haberipossit.Sunt
1128 3193 1197 3238 vero
1206 3173 1297 3237 11111,

213 3279 314 3343 monia
328 3298 390 3344 uon
403 3278 494 3345 dubia
506 3278 654 3364 expeditae
662 3278 814 3345 facilitatis
828 3300 920 3365 quam
934 3280 1293 3361 11111111111111111111111οι

109 3407 110 3411 ¹
214 3387 370 3454 Terentius
393 3387 494 3468 enim,
523 3387 555 3452 in
572 3387 784 3473 Adelphorum
808 3389 933 3474 prologo
948 3393 972 3471 ⁸,
1003 3389 1045 3455 111
1063 3392 1169 3470 abeo,
1194 3410 1289 3475 quum

213 3508 341 3565 verteret
358 3520 375 3566 e
392 3498 507 3585 Diphili
522 3488 768 3571 tavanorum-uun
785 3500 1050 3581 Commorienteis,
1072 3510 1134 3567 tres
1147 3519 1290 3587 personas

246 3737 255 3771 ¹
271 3735 381 3787 Ostendit
393 3738 557 3804 eruditissimo
572 3741 744 3791 commentario
762 3739 838 3803 hujus
853 3739 973 3787 facultatis
989 3738 1112 3800 professor
1126 3735 1290 3799 amplissimus

215 3815 285 3866 Patin
300 3818 344 3867 hac
360 3819 412 3882 ipsa
428 3834 525 3869 morum
541 3821 674 3870 alienorum
690 3820 839 3884 expositione
853 3818 965 3868 delectari
982 3820 1078 3881 plebem
1096 3818 1239 3865 Romanam.
1259 3814 1291 3864 At

217 3897 277 3947 nihil
294 3898 353 3950 inde
376 3902 478 3952 nimium
493 3901 646 3951 inferendum
664 3909 715 3961 est,
738 3902 772 3951 ita
790 3908 818 3951 ut
837 3901 965 3951 credamus
983 3912 1064 3949 mores
1084 3898 1189 3946 Plautini
1205 3898 1290 3945 theatri

217 3978 317 4028 omnino
334 3994 425 4043 graecos
439 3996 500 4032 esse.
516 3982 623 4046 Speciem
640 3997 774 4045 graecorum
795 3997 906 4042 morum,
920 3981 1002 4044 potius
1017 3992 1090 4041 quam
1104 3990 1195 4039 graecos
1210 3991 1291 4026 mores

215 4059 256 4109 ille
269 4062 372 4110 effinxit.
1033 4075 1036 4081 '

247 4142 260 4175 ²
275 4141 361 4191 Nonne
371 4144 464 4193 blolerii
477 4146 578 4196 verbum
589 4146 626 4195 1111
641 4145 734 4195 Afranii
748 4147 829 4195 verbis
839 4146 994 4207 explanatum
1004 4140 1114 4190 videtur:
1192 4138 1292 4199 Fateor,

205 4222 309 4293 'sumpsi
323 4236 372 4272 nou
387 4223 418 4273 ab
428 4223 470 4273 illo
480 4224 568 4283 modo,
579 4224 625 4274 Sed
641 4232 668 4274 ut
681 4225 783 4289 quisque
794 4225 894 4280 habuit,
909 4220 1049 4270 conveniret
1058 4216 1125 4281 quod
1138 4219 1211 4277 mibi,
1222 4218 1291 4277 Quod

217 4315 255 4351 me
275 4316 325 4352 nou
346 4317 417 4366 posse
437 4304 523 4352 meiius
545 4303 622 4353 facore
646 4304 736 4353 credidi
755 4304 835 4353 Etiam
855 4318 869 4351 a
888 4301 983 4349 111111.
999 4298 1160 4348 1111111111
1171 4312 1224 4362 sqq.
1234 4300 1290 4348 Otto

218 4380 335 4431 Ribbeck.
346 4382 449 4445 Frogm.
465 4382 557 4434 comte.
571 4384 643 4433 111111.
658 4414 687 4421 -
701 4385 792 4436 3Ν111.
806 4383 874 4433 attic.
889 4381 926 4439 ll,
940 4383 979 4429 23.
997 4407 1026 4415 —
1040 4380 1052 4415 ⁴
1065 4378 1095 4427 V.
1107 4384 1123 4428 1
1135 4384 1158 4428 11
1173 4392 1226 4441 sqq.
