3250 5050
152 460 182 492 ”
260 441 351 618 llll
392 449 730 631 Plllllllllll
768 459 1256 644 llllblllllllllllll
1408 454 1411 459 ⁵

576 847 692 922 trun
719 850 936 928 titutum.

221 1123 1288 1170 υ--ὴ--ψ--Ἢ

641 1395 875 1453 PROOEMlUlll.

264 1563 359 1634 Nemo
386 1589 446 1634 non
476 1571 586 1637 latetur
612 1575 751 1640 Plautum
779 1576 1020 1647 actuosissimum
1046 1602 1131 1665 esse,
1159 1589 1292 1655 motibus

216 1669 382 1744 illustribus
412 1689 441 1745 et
464 1681 606 1768 jucundis
635 1686 805 1766 abundare,
829 1692 1016 1758 sermonibus
1045 1695 1088 1758 uti
1119 1696 1290 1764 audientem

216 1786 419 1870 rapientibus,
453 1797 483 1855 et
509 1794 659 1875 palmam,
686 1815 740 1880 pro
762 1797 904 1865 Varronis
925 1803 1061 1884 verbo',
1086 1808 1287 1889 poscentibus.

217 1895 360 1972 Quamvis
374 1897 483 1964 dixerit
497 1901 637 1967 Horatius
652 1904 664 1939 ²
678 1925 685 1966 :

412 2085 444 2134 At
456 2085 530 2134 vestri
542 2088 626 2148 proavi
640 2088 764 2138 Plautinos
777 2098 800 2138 11
813 2105 944 2153 numeros,
953 2103 979 2144 ot-

409 2160 547 2216 baudavore
560 2167 634 2228 sales,
647 2168 749 2218 nimium
762 2171 882 2232 patienter
894 2181 1024 2238 utrumque
1030 2209 1039 2236 ,

213 2323 375 2394 Sarsinatis
388 2327 466 2394 lama
483 2349 563 2395 nuno
577 2339 635 2396 stat
646 2332 720 2396 fulta
733 2335 821 2406 satis,
834 2344 864 2399 et
877 2338 914 2403 ab
928 2337 1038 2423 injuria
1056 2349 1133 2421 tuta,
1154 2339 1233 2428 quod
1251 2341 1286 2411 ad

212 2436 274 2501 vim
288 2435 433 2502 comitam
445 2437 561 2510 attinet.
1389 2545 1392 2550 Ι

258 2548 356 2626 Quam
386 2544 501 2611 sincera
534 2566 683 2633 quamque
707 2551 838 2635 eleganti
865 2553 1031 2622 elocutione
1058 2560 1171 2639 niteat,
1195 2563 1287 2630 fidem

209 2651 342 2720 lecerunt
361 2674 398 2720 111
416 2665 532 2721 suomet
547 2655 679 2741 ipsorum
697 2667 726 2722 et
744 2668 877 2726 veterum
896 2666 1159 2747 grammaticorum
1172 2670 1286 2757 judicio

185 2822 187 2825 ,
210 2759 415 2842 Quintilianus
429 2773 459 2828 11
470 2763 585 2830 Gellius
599 2767 623 2829 ³.

255 2876 300 2941 Ne
313 2872 459 2958 quisvero
471 2886 590 2941 censeat
599 2869 659 2941 illis
670 2886 789 2942 tantum
800 2879 917 2943 meritis
926 2901 996 2947 eum
1006 2894 1164 2969 praestare,
1179 2899 1209 2953 et
1218 2910 1279 2956 ora-

207 2979 321 3049 tionem
332 2983 433 3063 illius,
460 2981 516 3049 etsi
529 3004 634 3069 sapore
650 2988 808 3052 vernaculo
830 2990 1002 3073 perfusam,
1029 2994 1128 3061 verbis
1143 2999 1232 3064 modo
1247 3002 1285 3067 ad

207 3111 357 3157 summam
370 3112 491 3158 caream
504 3094 707 3177 spectantibus
725 3094 866 3161 refertam
885 3113 961 3163 esse.
980 3099 1112 3168 Docilior
1123 3106 1285 3197 etflenibi-

206 3199 262 3266 lior
276 3210 321 3266 est
332 3195 446 3285 ingenii
460 3200 592 3265 Plautini
604 3201 714 3282 lorma,
736 3220 828 3287 quam
844 3213 878 3269 ut
890 3205 1011 3272 illenon
1030 3220 1143 3302 ceteras
1160 3215 1282 3282 comicae
1314 3272 1316 3274 .

204 3308 276 3374 artis
296 3318 395 3393 partes
410 3309 595 3387 tractaverit,
618 3319 647 3375 11
662 3310 823 3396 diligenter
835 3307 1005 3398 inspicienti
1018 3310 1104 3383 facile
1127 3324 1283 3405 apparebit

204 3428 344 3483 venustas
353 3436 455 3485 rerum
464 3439 498 3483 ao
512 3419 671 3483 verborum
683 3419 915 3503 prudentissima
925 3432 955 3487 et
965 3424 1159 3493 subtilissima
1173 3429 1282 3515 digna-

204 3545 262 3610 que
280 3507 360 3610 'quae
386 3526 563 3591 urbanitatis
592 3527 741 3593 studiosos
770 3525 908 3594 homines
937 3544 1056 3599 moveat
1078 3546 1108 3601 et
1134 3538 1276 3607 detincat.

205 3634 293 3713 Quod
319 3643 352 3699 ut
375 3635 556 3719 approbem,
590 3635 671 3720 quod
696 3646 909 3721 argumentum
929 3641 1029 3725 potius
1053 3644 1164 3729 eligam
1188 3666 1280 3733 quarn

204 3742 366 3808 muliebres
391 3758 549 3826 personas,
572 3762 640 3827 quaa
672 3762 719 3809 res
744 3754 789 3811 est
817 3766 889 3811 sane
914 3749 1010 3832 poetis
1038 3753 1136 3818 omnis
1160 3757 1280 3838 generis

200 3849 393 3928 difficillima,
417 3849 492 3916 etin
505 3870 563 3936 qua
578 3870 609 3915 sc
619 3851 751 3918 maxime
765 3853 865 3939 prodit
886 3855 1031 3943 cujusque
1044 3861 1278 3945 exquisitissima

199 3956 347 4023 facultas?
356 3960 409 4023 Est
422 3958 504 4025 enim
513 3948 768 4043 prestantissimae
779 3962 889 4028 mentis
898 3962 930 4028 in
941 3967 1123 4052 multiplices
1132 3980 1162 4035 et
1173 3991 1278 4037 recon-

199 4066 278 4131 ditos
294 4066 450 4132 muliebris
464 4066 557 4132 animi
567 4085 700 4145 recessus
713 4078 881 4153 penetrare,
895 4074 1111 4160 materiamque
1124 4077 1197 4144 adeo
1208 4080 1277 4145 abs-

233 4301 243 4335 ¹
262 4300 327 4350 Non.
342 4301 416 4351 verbo
427 4316 532 4363 poscere.
548 4330 574 4341 κ
598 4301 651 4351 Ἀ.
664 4302 692 4353 Ρ.
704 4308 760 4352 27⁰.
776 4332 805 4343 -·
819 4305 831 4338 ³
843 4304 943 4363 Quintil.
956 4305 1039 4358 instit.
1053 4314 1118 4359 oret.
1133 4312 1164 4371 X,
1178 4316 1272 4366 1.(1111.

167 4380 174 4401 ‘
202 4378 359 4431 1111111111.
372 4381 397 4439 Ι,
415 4385 438 4429 ’1.
