3250 5050
793 387 976 457 ..30-

344 519 482 587 similes:
510 543 562 588 seu
582 524 731 608 pulchro,
755 545 809 591 sen
829 524 957 590 deformi
983 529 1067 593 vultu
1089 529 1168 607 sint,
1195 548 1248 594 seu
1266 531 1423 615 junioreS,

344 638 561 734 seuseniores,
591 638 691 704 animo
705 639 963 706 etcordooarent.
1008 729 1010 733 .

474 821 521 872 Cor
535 838 584 873 nou
597 825 768 900 potestpquod
779 828 847 876 nulla
859 826 963 888 haben,

345 1003 395 1068 Ait
409 1002 445 1068 de
458 1002 517 1069 illis
530 1004 649 1088 aliquis.
667 1005 753 1072 Adde
764 1005 829 1073 haeo
842 1029 848 1071 :

518 1191 582 1250 Quid
596 1192 636 1242 id?
650 1193 716 1244 unda
725 1195 817 1244 esttibi
829 1195 978 1254 cordolium,
989 1209 1167 1255 commemora,
1179 1198 1296 1248 obsecro?
1449 1240 1453 1245 ,

468 1269 538 1328 Quod
548 1286 626 1335 neque
636 1287 680 1336 ego
690 1273 767 1324 habeo
774 1307 782 1332 ,
789 1288 869 1339 neque
879 1275 1060 1340 quisquamalia
1068 1278 1171 1337 mulier,
1181 1286 1209 1327 ut
1218 1279 1345 1342 perhibent
1355 1280 1424 1334 virl²⁴

388 1455 463 1520 Rem
485 1474 556 1520 vero
575 1456 699 1541 dignam
718 1455 755 1522 ad
777 1475 870 1541 quam
891 1457 1103 1525 attendamus!
1127 1463 1273 1541 Quamvis
1285 1464 1424 1549 plurimis

344 1567 488 1632 aerumnis
502 1577 634 1649 vexata,
650 1568 786 1648 libertae,
808 1571 985 1638 concubinae
1008 1571 1197 1656 pactionibus
1217 1574 1343 1655 adactae,
1362 1576 1424 1642 lere

343 1685 459 1741 cunctae
479 1697 541 1741 suae
553 1676 641 1741 sortis
654 1686 791 1760 potentes
814 1687 905 1756 sunt;
922 1689 999 1743 sunt*
1010 1680 1154 1766 suijuris.
1172 1683 1298 1768 Propter
1318 1683 1424 1748 indus-

341 1781 454 1866 triam,
485 1793 606 1868 proptor
629 1784 726 1869 ipsam
747 1783 909 1850 affectuum
934 1787 1082 1851 bonorum
1107 1789 1289 1870 absentiam,
1320 1802 1423 1857 eontra

343 1895 481 1960 adversas
494 1917 542 1962 res
556 1895 710 1961 instructae
724 1895 865 1975 luerunt,
893 1905 923 1960 et
937 1916 980 1961 eae
994 1897 1078 1962 laetae
1093 1916 1160 1982 quae
1173 1897 1294 1963 servitio
1306 1919 1338 1965 se
1359 1898 1423 1964 exi-

302 2001 304 2006 ’
343 2013 471 2071 merent.
501 2004 621 2070 Fortius
643 2023 748 2070 earum
769 2003 970 2084 conditionis,
994 2024 1060 2090 quae
1081 2006 1119 2071 ad
1138 2007 1274 2074 animum
1288 2018 1420 2092 spectat,

342 2113 464 2178 miseria
477 2112 573 2178 notari
586 2113 710 2198 nequit,
729 2121 759 2177 et
772 2113 833 2180 illae
844 2124 905 2180 tres
919 2113 1033 2200 effigies
1048 2115 1140 2180 trium
1159 2136 1305 2200 generum
1318 2117 1424 2204 praeci-

343 2242 474 2307 puerum
486 2242 546 2286 non
557 2233 707 2306 superatae
730 2221 871 2302 luerunt,
890 2222 1054 2303 Cleaareta',
1084 2222 1307 2304 Phronesium,
1331 2224 1423 2289 Acro

345 2331 516 2397 teleutium.

391 2439 537 2520 Quamvis
551 2448 651 2506 autem
665 2443 760 2507 multa
772 2441 822 2506 isti
838 2442 940 2527 generi
955 2442 1117 2507 mulierum
1131 2442 1338 2528 exprobranda
1351 2442 1422 2522 sint,

344 2574 405 2619 non
415 2572 519 2619 omnes
530 2554 567 2618 ad
576 2553 716 2619 eumdem
726 2553 926 2638 improbitatis
935 2555 1062 2639 gradum
1072 2555 1260 2640 perveniunt.
1270 2555 1348 2621 Sunt
1357 2575 1423 2640 quae

343 2682 449 2729 sensus
463 2662 612 2727 humanos
626 2671 754 2740 servent,
768 2681 831 2727 non
844 2662 925 2745 quod
939 2662 1006 2728 ideo
1017 2663 1100 2729 omni
1114 2664 1240 2729 erimine
1251 2664 1313 2729 sint
1324 2665 1424 2730 absol-

343 2772 457 2838 vendae.
483 2774 624 2838 Attamen
649 2771 728 2857 apud
751 2791 821 2851 eas,
848 2792 902 2836 seu
923 2781 1045 2857 proptor
1058 2772 1240 2850 amicitiam,
1265 2792 1319 2838 seu
1332 2793 1424 2858 prop

342 2892 389 2947 ter
410 2900 564 2960 amorem,
600 2880 690 2945 micat
712 2880 841 2946 scintilla
862 2878 1001 2965 quaedam
1023 2880 1103 2964 ignis
1122 2880 1226 2961 illius,
1254 2900 1315 2965 quo
1341 2881 1423 2947 cordi

343 2989 454 3069 insita,
480 2990 647 3055 differimus
668 3012 685 3055 a
708 2990 829 3056 belluis.
854 2992 954 3069 Quam
977 2987 1208 3073 discrepantiam
1231 2991 1357 3056 Plautus
1370 3009 1424 3074 ap

344 3098 441 3183 prime
450 3096 665 3184 deprehendit,
682 3108 711 3162 et
724 3097 842 3163 effinxit
857 3120 873 3189 3·
893 3117 990 3181 neque
1015 3098 1043 3163 ei
1067 3098 1231 3177 satisfuit,
1247 3098 1422 3163 simeretri-
1449 3109 1462 3123 ·

343 3228 411 3275 cern
435 3211 545 3295 praedae
563 3208 727 3275 instantem
758 3209 943 3274 carminibus
967 3208 1127 3286 redderet,
1147 3208 1235 3292 eique
1262 3208 1370 3275 infeste
1393 3221 1424 3275 et

343 3318 536 3402 pertinaciter
549 3319 790 3384 incumbentem!
803 3316 935 3382 Allectus
945 3316 1021 3381 alius
1034 3316 1116 3381 modi
1130 3314 1397 3402 nobis'proposuit.

390 3428 491 3493 Prima
504 3439 626 3514 apparet
639 3428 671 3493 in
691 3427 859 3495 Cistellaria
871 3428 1016 3493 Melaenis.
1034 3429 1076 3492 Ea
1089 3439 1136 3493 est
1145 3447 1238 3512 quam
1246 3427 1317 3514 jure
1329 3428 1425 3514 Gym-

344 3536 422 3603 nasii
432 3536 521 3602 matri
533 3545 563 3602 et
571 3537 652 3624 turpi
664 3538 817 3603 Cleaeretae
826 3555 1025 3621 opponamus.
1038 3539 1106 3603 Non
1116 3536 1287 3602 conditione
1297 3558 1350 3602 sua
1361 3539 1426 3602 lle-

344 3646 465 3713 laenidis
483 3645 602 3712 animus
616 3645 719 3732 pietati
744 3647 882 3712 occlusus
904 3656 961 3711 est.
978 3647 1094 3725 Puella,
1107 3666 1198 3731 quern
1220 3646 1248 3713 ei
1269 3668 1323 3712 sua
1345 3646 1424 3711 sonia

346 3754 448 3836 dedit,
475 3765 510 3821 nt
532 3776 567 3821 ea
589 3755 724 3821 nteietur
742 3754 779 3819 ad
802 3754 998 3841 peregrinum
1023 3764 1188 3821 amatorem
1211 3754 1423 3835 lallendum⁸‚

345 3875 440 3952 utque
460 3875 581 3953 postea,
599 3874 687 3933 aetate
699 3866 736 3931 ad
757 3875 944 3932 senectutem
957 3876 1114 3951 provecta,
1132 3885 1170 3931 cx
1182 3865 1248 3951 ejus
1259 3863 1426 3950 ignominia

294 4030 298 4037 .
344 3976 459 4041 uinum
479 3986 647 4061 quaereret,
672 3976 794 4053 lenam,
822 3976 891 4041 licet
909 3985 1101 4061 corruptam,
1127 3983 1304 4056 venustate,
1337 3993 1425 4040 man-

345 4084 526 4165 suetudine,
552 4095 582 4151 et
594 4082 764 4150 innocentia
778 4082 858 4168 cepit
874 4105 880 4145 :

380 4340 389 4373 ¹
405 4336 460 4386 Mat.
473 4337 540 4387 Glor·
552 4336 596 4395 ΙΙΙ,
609 4340 632 4395 l,
648 4339 701 4387 ¹89.
713 4365 742 4373 —
753 4337 765 4372 ²
776 4338 869 4389 canat.
882 4336 903 4396 l,
917 4340 939 4395 l,
950 4339 990 4386 dl.
1002 4337 1054 4373 -3
1069 4336 1107 4386 ld.
1119 4336 1139 4395 l,
1149 4339 1174 4393 ἰ,
1184 4338 1224 4383 ll.
