3250 5050
767 389 947 456 ...μ-

324 532 411 598 rerba
430 529 485 595 feei
504 549 596 595 servae
612 531 727 596 lenonis
747 544 843 597 erant.
870 534 930 599 Sed
949 552 1052 597 earum
1071 541 1166 597 status
1179 530 1292 616 aliquid
1306 552 1397 618 pecu-

323 638 406 704 liaris
415 640 524 720 habet,
549 649 579 704 et
601 639 764 738 depingere
774 642 842 707 volo
859 662 959 707 servas
979 642 1046 707 usui
1068 640 1232 706 domestico
1249 640 1393 704 addictas.

323 752 438 817 Notabo
457 749 567 836 quibus
576 751 664 816 lineis
672 752 793 817 illarum
806 752 922 838 effigies
934 751 1054 817 duxerit
1067 731 1203 817 Plautus.
1225 753 1302 830 Quae
1317 761 1398 816 certe

323 859 413 926 variae
436 870 516 925 sunt.
540 861 708 942 Servitute,
737 871 826 947 prout
846 863 937 928 herus
955 862 1117 948 imperium
1135 863 1311 941 exercebat,
1343 880 1397 945 pro

323 965 387 1050 ipsa
407 966 473 1031 heri
495 967 596 1035 indole
614 969 663 1034 cui
684 971 825 1054 parebat,
848 971 925 1036 servi
943 989 1042 1036 mores
1053 967 1140 1034 aliter
1152 968 1392 1034 inflectebantur.

325 1073 414 1150 Quod
436 1074 533 1141 verius
551 1075 642 1142 etiam
663 1077 700 1143 de
713 1077 834 1145 feminis
853 1078 935 1144 dicas
953 1076 1090 1164 quamde
1110 1077 1192 1143 viris.
1214 1077 1255 1142 lli
1267 1077 1349 1143 enim
1359 1076 1397 1141 11-

325 1179 441 1246 beriore
462 1182 579 1248 vivendi
606 1205 716 1269 genere
736 1185 932 1264 fruebantur;
953 1188 1039 1272 plura
1057 1186 1101 1251 eis
1123 1185 1296 1251 incidebant
1318 1194 1419 1272 tem-¹

324 1308 397 1375 pora
421 1290 530 1374 quibus
556 1291 646 1359 alieni
664 1294 755 1360 moris
779 1295 894 1380 impetu
919 1294 1121 1361 traherentur.
1144 1294 1285 1360 lllulieres
1296 1303 1399 1358 contra

325 1395 387 1462 fere
405 1415 523 1482 semper
544 1407 613 1465 eum
631 1400 753 1467 domina
775 1403 823 1467 cui
844 1404 990 1488 parebant
1003 1403 1163 1480 conclusae,
1179 1400 1204 1465 si
1218 1394 1399 1467 honestioris

325 1504 505 1572 conditionis
530 1517 626 1588 esset,
651 1511 688 1575 ab
713 1531 747 1574 ea
775 1512 935 1576 sumebant
953 1511 1110 1597 exempla3
1144 1508 1169 1575 si
1199 1518 1300 1574 autem
1321 1517 1400 1574 esset

321 1613 436 1679 ordinis
456 1616 636 1696 meretricii,
655 1619 857 1702 sequebantur
869 1618 953 1683 illam
969 1637 1024 1703 per
1041 1617 1138 1683 varios
1151 1619 1253 1683 casus¹
1270 1626 1300 1681 et
1314 1615 1395 1702 ejus,

323 1731 466 1808 tanquam
475 1726 596 1809 speculo
608 1777 615 1805 ,
628 1743 747 1791 morum
762 1727 927 1812 imaginem
944 1727 1113 1793 referebant
1126 1749 1133 1805 3
1150 1726 1342 1792 dominarum
1351 1746 1401 1790 ar·
1491 1708 1495 1714 ¹

322 1840 368 1896 tes
377 1822 556 1899 exercebant
563 1843 629 1899 tum
640 1836 734 1901 bona's
751 1889 757 1916 ‚
783 1846 850 1900 tum
863 1837 957 1900 malas
969 1887 976 1913 ‚
990 1845 1042 1900 aut
1058 1836 1164 1901 saltem
1177 1835 1248 1899 vitia
1266 1837 1304 1901 ab
1317 1834 1400 1920 ipsa-

325 1959 394 2006 rum
407 1941 537 2027 ingeniis
554 1942 635 2009 baud
658 1946 787 2010 multum
800 1945 1011 2031 discrepantia.

369 2048 539 2117 Discrimen
555 2051 649 2137 igitur
676 2052 848 2120 habendum
865 2063 911 2120 est
927 2054 965 2119 de
993 2054 1029 2118 iis
1045 2074 1113 2139 quae
1133 2054 1212 2138 apud
1230 2051 1402 2117 meretrices

325 2157 410 2223 etde
433 2158 470 2225 iis
492 2180 560 2245 quae
577 2162 657 2246 apud
674 2172 826 2229 matronas
845 2163 989 2241 serviunt,
1309 2234 1311 2239 ,

372 2268 538 2360 Meretricis
552 2269 622 2334 vitia
640 2273 718 2355 apud
733 2271 800 2336 illas
822 2270 1004 2355 reperiemus
1020 2278 1051 2333 et
1062 2269 1226 2354 sepissime
1243 2277 1327 2333 aucta
1342 2267 1403 2332 illi-

327 2373 421 2438 berali
460 2385 490 2440 et
528 2377 690 2462 ineleganti
721 2379 859 2464 ingenio,
890 2379 963 2443 nulli
994 2380 1081 2444 bonae
1116 2377 1159 2441 rei
1188 2378 1236 2442 vel
1273 2375 1403 2460 egregiae

328 2492 456 2550 assueto.
480 2485 618 2553 Vidimus
636 2506 727 2573 quam
745 2489 833 2554 malae
853 2487 914 2554 sint
932 2486 1114 2553 meretrices.
1141 2487 1252 2552 Earum
1273 2483 1404 2571 pravita-

329 2602 391 2657 tem
403 2594 581 2680 plerumque
602 2596 785 2681 amplificant
802 2596 929 2661 ancillae.

373 2703 552 2789 Astaphium
561 2704 689 2770 dixerim
706 2704 803 2791 ipsam
816 2704 962 2771 malitiam
971 2704 1208 2789 pravitatemque
1224 2702 1403 2767 muliebrem

328 2821 358 2879 et
372 2813 571 2879 meretriciam
585 2825 775 2900 personatam
796 2814 829 2879 in
850 2834 957 2895 scena,
977 2812 1057 2879 etad
1077 2832 1147 2877 suos
1164 2810 1240 2875 lines
1252 2809 1404 2896 prodeun-

327 2931 400 2987 tem.
414 2924 454 2988 Ut
467 2922 604 3008 placendi
617 2924 781 3002 studinm',
796 2923 837 2989 ita
852 2932 966 2988 ceteros
985 2941 1091 2987 sensus
1108 2918 1223 2985 obtinet
1235 2905 1401 2995 herae'suae,

327 3027 501 3109 Phronesii,
524 3052 621 3118 neque
632 3033 703 3098 inde
716 3032 908 3097 manifestam
926 3029 1088 3095 utilitatem
1108 3026 1166 3093 sibi
1182 3026 1319 3113 percipit.
1338 3028 1406 3091 Non

327 3139 444 3205 ridetur
461 3140 617 3207 deridendi
631 3139 708 3206 alius
719 3140 826 3225 suique
837 3135 1006 3205 oblectandi
1024 3136 1210 3203 occasionem
1231 3134 1400 3219 quaeritare.

330 3252 396 3315 Non
415 3249 510 3330 ludit,
535 3270 596 3315 non
613 3249 707 3314 faceta
724 3259 780 3315 est.
805 3252 874 3333 Ipsa
896 3247 992 3326 dicet,
1008 3267 1062 3311 cur
1073 3256 1135 3309 tam
1148 3239 1323 3308 detestanda
1337 3236 1399 3306 sit:

333 3383 347 3418 a
363 3358 440 3422 Mala
452 3357 563 3423 femina
575 3377 618 3436 es,
633 3357 675 3422 ait
685 3356 914 3423 Dinarchus-
924 3355 1030 3419 Solens
1040 3353 1119 3431 sum,
1129 3371 1164 3416 ea
1174 3349 1298 3434 recipit3
1316 3350 1358 3415 ea'
1376 3358 1404 3412 st

328 3464 515 3549 disciplina.⁸
533 3490 548 3525 >r
563 3464 727 3549 Flagitium
740 3463 825 3549 quasi
838 3461 999 3548 temperies
1018 3469 1084 3540 est,
1110 3479 1168 3544 qua
1189 3458 1236 3539 ei,
1262 3466 1295 3522 nt
1313 3457 1403 3534 vivat,

330 3594 404 3659 opus
422 3582 478 3638 est.
495 3576 599 3660 Neque
610 3573 658 3639 bis
673 3572 805 3651 artibus,
821 3581 855 3636 ut
874 3569 1015 3651 domina,
1040 3567 1180 3647 ditescit3
1200 3586 1304 3633 verum
1328 3586 1405 3651 qua-

329 3684 399 3749 dam
426 3682 568 3771 nequitia
596 3681 829 3759 communitate,
854 3680 1003 3765 longaque
1029 3675 1246 3743 consuetudine
1266 3674 1345 3740 inter
1373 3694 1406 3739 se

282 3827 285 3833 ·
329 3794 413 3873 istae,
428 3794 510 3859 velut
525 3791 709 3858 ineluctabili
725 3791 819 3871 nodo,
844 3789 1011 3874 conjuncta
1031 3796 1122 3865 sunt;
1142 3785 1208 3851 sine
1223 3784 1315 3849 altera
1332 3800 1409 3848 neu-

363 4095 371 4127 ¹
384 4094 431 4142 Tit.
443 4093 496 4142 bin.
515 4087 639 4150 xxxlxj
652 4094 690 4140 l0.
710 4092 841 4139 «ancillam
860 4105 898 4149 sc,
917 4090 964 4148 ait,
976 4088 1082 4139 dominae
1095 4087 1207 4137 comitem
1229 4085 1254 4133 id
1274 4082 1406 4133 sacrarium

331 4174 432 4221 intrasse
442 4179 491 4221 »et
499 4185 582 4234 supra,
593 4174 620 4219 9⁰
633 4171 724 4233 capite,
741 4176 853 4233 «quaestu
866 4169 906 4218 cui
915 4169 1029 4217 ancillula
1038 4175 1186 4229 assueverat,
1195 4167 1265 4216 etiam
1277 4168 1406 4225 postquam

333 4251 480 4301 manumissa
492 4259 552 4311 erat,
566 4250 650 4300 eodem
661 4264 687 4299 se
698 4264 784 4313 genere
795 4250 919 4299 tuebatur.
933 4272 942 4290 ·

364 4331 375 4363 ²
393 4332 491 4379 Trucul.
509 4331 591 4386 1111,
606 4332 636 4377 32
649 4336 671 4377 et
686 4342 739 4391 sqq.
753 4357 783 4365 —
797 4332 807 4365 3
822 4323 859 4378 ld.
869 4328 890 4389 l,
901 4332 926 4388 2,
941 4331 983 4375 29.
