3250 5050
642 397 824 464 ...(11.-

194 535 282 603 111111
294 537 425 624 egregiae
437 547 553 604 naturae
574 551 603 604 et
620 559 744 605 suorum
758 550 927 606 amatorum
942 549 1077 605 amantes
1103 538 1188 624 ipsae,
1202 536 1272 604 licet

194 645 314 723 liberae,
343 657 373 712 et
399 647 463 734 jam
493 648 623 714 aetatulae
646 647 722 714 fines
748 659 955 734 transgressae.
985 651 1117 733 Ecquam
1145 668 1215 713 vero
1235 667 1272 711 ex

194 755 361 836 Plautinis,
386 756 466 842 quod
490 758 527 822 ad
554 759 765 843 procacitatem
787 759 910 836 attinet,
935 767 1034 844 aequat
1062 757 1125 844 ipsa
1150 755 1275 822 Bacchis

197 865 561 932 Heautontimorumeno?
574 867 772 934 Rarissimum
787 867 844 932 luit
855 866 934 953 apud
946 857 1112 945 Romanos,
1132 866 1180 932 bis
1193 875 1273 931 certe

196 975 393 1060 temporibus,
407 976 580 1061 exemplum
594 978 707 1044 Graecae
719 955 835 1061 pellicis
846 975 1009 1062 quemdam
1022 975 1187 1050 honestatis
1204 995 1274 1059 gra-

198 1083 270 1148 dum
292 1105 387 1170 usque
412 1085 569 1151 servantis.
599 1090 666 1154 Non
679 1085 808 1152 arbitror
831 1085 1015 1151 afferendam
1028 1104 1094 1151 esse
1117 1094 1219 1150 contra
1239 1103 1274 1149 ea

198 1193 359 1279 Campanae
372 1195 538 1261 meretricis
555 1197 564 1230 ¹
589 1196 777 1276 memoriam,
790 1215 869 1280 quae,
882 1205 913 1261 ut
935 1214 983 1260 res
994 1213 1064 1259 vere
1077 1192 1272 1271 aestimemus,

197 1302 302 1386 patriae
315 1324 377 1368 suae
398 1303 490 1369 infida
514 1315 577 1384 est,
591 1315 622 1371 et
640 1305 773 1392 Hispalae
791 1306 950 1372 Fecenniae
962 1306 987 1384 ²,
1002 1323 1093 1391 quam
1111 1303 1274 1370 vehemens
1329 1320 1331 1324 ’

196 1411 318 1476 allectus
339 1413 474 1478 eximite
499 1432 625 1480 numero
649 1402 816 1480 ceterarum
835 1413 1054 1501 ejusdemmodi
1079 1402 1271 1480 feminarum.
1366 1474 1378 1494 ,

199 1521 344 1605 Tempore
356 1520 474 1588 Luculli
490 1531 520 1586 et
534 1522 670 1608 Pompeii
686 1523 698 1558 ³
713 1531 842 1601 tantum,
856 1521 997 1589 ridentur
1017 1523 1106 1588 Flora
1118 1511 1277 1598 etPrecia

200 1630 373 1696 Graecarum
388 1646 498 1720 eampo,
512 1651 611 1699 mores
630 1631 728 1699 verius
741 1632 862 1700 referre.
881 1631 970 1718 Apud
981 1634 1123 1699 Plautum
1140 1630 1278 1697 animad-

200 1739 325 1805 vertitur
351 1741 539 1807 solummodo
566 1743 724 1808 instinctus
746 1741 869 1828 quidam
892 1743 954 1807 fere
979 1741 1145 1820 belluinus,
1167 1751 1219 1806 aut
1242 1763 1276 1808 ea

200 1848 341 1914 mollities
354 1849 459 1922 animi,
471 1871 538 1936 quae
551 1851 583 1916 in
595 1851 716 1916 incultis
728 1837 862 1917 moribus
875 1859 999 1935 repente
1012 1849 1183 1915 ellloresoit.
1202 1852 1280 1929 Quae

175 1941 180 1954 '
200 1955 282 2020 enim
294 1957 434 2023 meliores
448 1975 553 2024 sensus
566 1979 629 2044 prae
643 1979 675 2024 sc
689 1959 799 2038 lerunt,
816 1979 877 2024 non
891 1967 987 2023 artem
999 1977 1085 2023 suam
1098 1958 1193 2024 libere
1205 1949 1277 2043 pro-

199 2065 332 2132 fitentur.
349 2067 481 2153 Captivae
492 2078 562 2134 sunt
576 2089 697 2147 omnes·;
714 2067 887 2153 viribusque
900 2067 1066 2154 majoribus
1078 2075 1202 2152 parent;
1217 2067 1280 2131 imo

198 2174 334 2260 juniores
344 2185 424 2255 sunt,
445 2185 475 2242 et
491 2176 589 2244 adhuc
601 2197 672 2242 usus
689 2175 758 2243 vire
770 2185 918 2262 expertes.
943 2167 1069 2241 Videtur
1087 2168 1215 2240 Plautus
1226 2178 1280 2238 ro-

201 2283 292 2350 luisse
313 2286 400 2351 nobis
417 2286 563 2372 subjicere
575 2285 721 2372 quasdam
735 2295 766 2350 ct
778 2286 878 2351 forsan
892 2279 1050 2371 plerasque
1067 2284 1144 2348 tales
1164 2282 1221 2349 sibi
1233 2282 1280 2346 vi-

200 2413 247 2458 sas
259 2413 335 2472 csse,
351 2413 444 2478 quum
455 2393 547 2460 uitam
562 2394 739 2480 inciperent,
753 2404 915 2480 antequam
928 2390 1147 2459 calamitatibus
1161 2390 1280 2458 afflictae

202 2503 314 2569 sensim
328 2503 572 2589 depravarentur:
591 2504 636 2570 Ad
652 2505 683 2571 id
696 2505 776 2571 ualet
788 2498 882 2570 oratio
895 2499 1032 2590 Scaphae,
1045 2502 1117 2589 quid
1129 2501 1187 2569 sibi
1201 2501 1279 2567 aeci-

202 2612 290 2691 derit,
303 2611 485 2681 Philematio
503 2615 665 2680 narrantis.
684 2616 723 2679 111
740 2623 838 2700 poetae
850 2635 912 2679 non
927 2613 1036 2679 licebat
1049 2612 1209 2677 mulierem
1230 2610 1279 2675 in-

203 2722 280 2789 dolis
291 2725 422 2809 egregiae
440 2725 471 2789 in
481 2724 587 2790 uitium
608 2725 798 2791 delabentem
819 2744 921 2790 coram
941 2721 1156 2810 spectatoribus
1177 2732 1280 2788 osten-

203 2835 304 2900 deret
318 2836 576 2903 llludvetitumest
588 2836 934 2903 theatralibusmoribus
944 2834 1113 2902 Vindicatio
1125 2834 1218 2919 igitur
1228 2833 1280 2899 illa

203 2944 234 3009 in
258 2944 427 3011 libertatem
442 2998 449 3024 ,
463 2955 493 3011 11
516 2946 577 3012 illae
600 2946 723 3031 nuptiae,
744 2964 961 3035 nonnunquam
981 2953 1147 3029 usurpatae,
1175 2942 1282 3028 saepis*

201 3052 277 3117 sime
300 3054 451 3119 machinae
469 3056 533 3120 loco
555 3064 635 3134 sunt,
658 3075 715 3145 qua
739 3056 838 3121 tabula
858 3054 1015 3120 enodetur.
1042 3055 1082 3118 111
1104 3052 1280 3119 meretrices

201 3152 335 3229 consulto
358 3174 388 3229 et
412 3153 542 3249 cogitato
565 3165 670 3244 bonae,
687 3186 742 3232 neo
764 3155 1017 3250 aetate'juvenili,
1035 3165 1133 3228 nullas
1148 3159 1281 3228 ostendit

201 3272 336 3353 Plautus,
351 3294 424 3359 quas
436 3274 569 3359 prolecto
581 3294 643 3343 non
655 3276 800 3341 babuerat
819 3282 889 3339 ante
901 3264 1017 3351 oculos,
1033 3290 1160 3357 quaque
1177 3270 1279 3336 minus·

203 3383 407 3447 Romanorum
421 3402 540 3448 morum
554 3383 711 3449 rusticitati
725 3375 954 3449 conveniebant.
1016 3406 1025 3420 ·
1097 3374 1101 3381 ’
1229 3377 1233 3383 ’

251 3490 369 3570 Notavi,
382 3510 475 3576 quum
489 3491 527 3557 de
543 3490 713 3557 Saturionis
734 3490 796 3556 filia
808 3492 898 3557 verba
919 3490 987 3569 leci,
1002 3492 1149 3557 miserum
1171 3487 1283 3557 statum

205 3599 368 3685 virginum,
381 3620 454 3686 quas
467 3611 587 3687 patrum
599 3610 730 3687 potestas
744 3610 775 3666 et
788 3601 903 3688 abjecta
925 3621 990 3667 sors
1001 3602 1040 3667 ad
1063 3620 1169 3667 omnes
1190 3601 1284 3667 mise-

205 3708 428 3795 rias‘adigebat.
455 3714 562 3777 Nonne
575 3711 747 3796 exemplum
768 3718 825 3789 est,
840 3708 947 3776 adbuc
969 3710 1075 3788 rarius,
1098 3708 1283 3794 flagitiorum

197 3808 405 3907 ·1›ropterquae
418 3830 521 3907 postea
535 3820 650 3887 Fannia
662 3821 711 3885 lex
725 3808 829 3905 rogata
842 3830 888 3886 est
902 3818 939 3884 ⁸?
953 3823 1068 3887 Forsan
1085 3821 1118 3884 in
1134 3817 1283 3885 Telestide

205 3928 400 4008 calamitates,
423 3930 680 4015 frequentissimas
701 3928 784 3994 Bello
806 3928 941 4008 Punico,
965 3948 1058 4015 quum
1080 3936 1141 3993 tota
1164 3927 1283 3992 arderet

240 4134 250 4167 ¹
262 4134 291 4181 T.
303 4134 330 4180 L.
345 4134 436 4191 XXVI,
451 4136 490 4181 31.
506 4161 536 4169 -
549 4133 608 4182 1111.
621 4132 774 4191 XXX1X‚9.
790 4162 820 4168 -
831 4134 843 4168 ³
855 4134 919 4181 Plut.
934 4132 1029 4181 luculi.
1048 4132 1136 4191 Pomp.

238 4216 249 4249 ⁴
264 4214 366 4263 Naudet.
380 4220 431 4263 not.
442 4212 470 4263 ad
484 4228 547 4261 vers.
560 4215 605 4261 tat
616 4213 709 4276 prologi
723 4212 917 4276 Amphitruonis.
928 4211 992 4261 Bibl.
1006 4210 1124 4260 Lemaire.

239 4295 250 4326 5
266 4294 389 4357 Siquidem
399 4308 428 4343 eo
441 4308 480 4343 ras
489 4294 606 4351 redierat,
617 4300 645 4341 ut
656 4293 711 4356 gula
721 4293 809 4351 illecti,
831 4293 940 4355 plerique
951 4292 1047 4354 ingenui
1059 4291 1127 4353 pueri
1141 4289 1281 4352 pudicitiam

208 4382 231 4424 et
242 4376 375 4424 libertatem
390 4373 548 4423 venditarent.
562 4371 668 4421 Macrob.
683 4371 719 4431 ll,
733 4375 770 4420 ta.
