3250 5050
558 481 580 489 ,.
647 399 840 502 *5⁷-

209 541 377 627 praesertim
386 538 438 627 qui
451 538 583 605 favorem
595 539 772 626 popularem
781 547 881 623 captat
894 589 901 616 ,
918 557 973 602 nec
984 546 1104 602 tantum
1115 533 1286 603 lectissimis

208 653 424 735 spectatoribus
443 650 561 736 placere
575 648 672 734 cupit,
685 658 803 735 oportet
823 646 1009 714 ineluctabili
1030 646 1206 713 necessitate
1219 665 1287 711 mo-

207 780 254 826 res
268 779 392 826 suorum
403 759 566 845 equalium
578 759 642 824 suis
651 757 763 824 fabulis
777 758 993 824 intermisceat.
1011 757 1066 822 Sin
1077 756 1175 835 aliter,
1188 755 1222 820 in
1232 775 1287 840 pe-
1382 846 1387 854 Ι

206 867 335 935 rioulum
349 869 474 948 veniret,
487 889 525 935 ne
543 889 604 939 non
625 869 856 953 intelligeretur.
884 869 958 933 Pars
978 865 1075 951 major
1096 864 1284 930 audientium

205 997 302 1062 neque
314 980 404 1045 rebus
416 980 500 1056 actis,
514 997 613 1063 neque
626 977 732 1044 edictis
745 977 877 1063 ingeniis
886 956 1034 1056 movetur,
1048 975 1107 1041 nisi
1119 992 1224 1040 earum
1236 994 1285 1040 re·

206 1105 276 1152 rum
295 1107 363 1173 quae
376 1087 477 1154 videre
491 1088 645 1156 consuevit
664 1087 829 1172 imaginem
848 1086 990 1153 celerant.
1008 1089 1138 1162 Forsan,
1153 1083 1234 1169 quod
1248 1084 1286 1150 il-

206 1195 258 1260 lud
272 1197 457 1280 neglexerat,
470 1198 611 1284 quodque
623 1218 684 1264 non
699 1198 771 1262 satis
782 1197 945 1283 aequalium
959 1214 1084 1262 suorum
1100 1215 1200 1261 mores
1216 1194 1286 1260 red-

205 1303 333 1384 diderat,
343 1305 460 1372 cladem
470 1306 653 1373 haudsemel
663 1307 821 1372 Terentius
833 1305 914 1372 tulit.
928 1305 1017 1385 Quod
1027 1304 1170 1371 accidisse
1179 1305 1287 1370 Plauto

205 1433 362 1498 nunquam
376 1415 556 1500 accepimus.
575 1415 807 1483 Consideremus
819 1435 893 1500 ergo
906 1414 1050 1481 mulieres
1060 1434 1129 1499 quoe
1146 1414 1178 1479 in
1196 1413 1285 1479 labu-

206 1523 242 1588 lis
254 1524 320 1609 ejus
339 1534 494 1611 apparent.
510 1526 572 1592 Aut
583 1529 726 1593 Romanae
742 1533 824 1605 sunt,
838 1534 891 1591 aut
911 1526 1019 1590 saltem
1036 1531 1109 1605 sunt
1122 1525 1226 1589 Romae
1247 1523 1285 1588 ab

205 1651 240 1698 eo
254 1632 325 1698 visae
338 1633 500 1720 pleraeque.
516 1636 660 1700 Matronae
675 1634 807 1700 inducte
826 1634 859 1698 in
879 1653 1000 1700 scenam
1014 1653 1086 1698 sane
1108 1632 1285 1698 dillerunta

153 1803 159 1817 ,
205 1745 383 1811 mulieribus
398 1746 521 1832 graecis.
531 1748 598 1812 Non
611 1748 677 1832 lege
691 1757 722 1813 et
744 1746 963 1813 consuetudine
976 1749 1121 1812 Romanae
1141 1743 1285 1811 mulieres

108 1903 109 1908 .
206 1854 282 1918 intra
293 1874 469 1940 gynaeoeum
481 1857 628 1922 conclusae
640 1856 795 1935 sedebant,
806 1864 841 1921 ut
853 1856 983 1933 Graacae;
997 1854 1028 1918 in
1041 1853 1212 1920 convivium
1226 1853 1284 1918 du·
1351 1939 1354 1944 .

204 1964 359 2042 cebantur,
374 1965 425 2030 ubi
448 1965 586 2031 sedentes
607 1965 790 2032 coenitabant
813 1968 844 2045 l;
871 1965 1005 2051 primum
1018 1967 1119 2030 locum
1140 1964 1285 2030 tenebant

203 2055 314 2120 aedium
337 2065 426 2141 atque
449 2056 482 2148 in
504 2055 678 2123 celebritate
693 2059 890 2123 versabantur
903 2057 927 2122 ².
958 2060 993 2122 ln
1020 2055 1199 2140 fragmentis
1216 2075 1285 2141 quae

204 2186 284 2245 nuno
293 2165 524 2232 exstantMediae
534 2166 854 2253 NoveequeComoediae
862 2166 942 2253 apud
953 2165 1162 2234 Graecosnulla
1170 2173 1284 2230 matre
1353 2217 1358 2228 .

202 2276 279 2342 natis
292 2295 418 2360 persona
431 2276 464 2341 in
478 2277 575 2341 scenis
589 2277 702 2361 agitur;
717 2285 746 2342 et
764 2278 790 2342 si
811 2277 880 2356 lieet
892 2296 930 2342 ex
942 2264 1091 2354 Terentio,
1107 2275 1282 2341 Graecorum

202 2385 352 2451 imitatore
368 2385 505 2466 certiore,
521 2385 636 2471 aliquid
654 2386 832 2472 conjectare,
847 2407 917 2473 quae
938 2387 1101 2471 loquuntur
1119 2405 1181 2449 non
1202 2383 1282 2450 iute-

201 2499 311 2565 riorem
326 2507 442 2583 partem
454 2498 562 2565 domus
575 2499 714 2566 videntur
726 2499 873 2588 linquere.
887 2502 1004 2581 Non‚ut
1013 2500 1188 2580 Artemona,
1199 2496 1281 2563 Pha-

200 2617 343 2689 nostrata,
357 2608 519 2675 Cleostrata
537 2609 685 2693 prodeunt
706 2610 738 2675 in
756 2611 924 2695 publicum,
937 2630 969 2676 se
983 2609 1157 2676 hominibus
1177 2608 1278 2675 omnis

201 2716 320 2799 generis
331 2716 583 2783 intermiscentes.
598 2718 630 2783 Si
642 2726 745 2785 contra
754 2738 825 2803 quae
835 2718 897 2784 sint
908 2719 941 2783 in
950 2719 1051 2784 Prisca
1058 2718 1201 2785 Comedia
1210 2736 1280 2783 mu-

201 2823 290 2891 lieres
311 2825 463 2911 inspicies,
489 2828 638 2893 Romanas
662 2827 752 2911 longe
769 2836 913 2913 praestare
931 2826 1067 2893 moribus
1081 2825 1162 2911 apud
1185 2827 1281 2891 Plau-

199 2942 265 2998 tum
275 2953 430 3018 agnosces.
444 2935 532 3002 Nulla
546 2933 580 2999 srt
591 2934 705 3000 mentio
719 2933 757 2999 de
769 2934 830 3000 illis
841 2933 1018 3000 libidinibus
1027 2933 1138 3018 saepius
1147 2936 1186 3001 ab
1195 2934 1280 2999 Aris-

196 3044 328 3127 tophane
339 3043 647 3122 nominatis,nullade
659 3043 822 3109 vinolentia
833 3045 879 3109 vel
890 3043 1037 3109 matronis
1054 3043 1157 3109 liberis
1166 3063 1278 3130 expro-

197 3153 281 3230 brata
294 3153 319 3215 ³.
346 3152 597 3219 Procacissimum
620 3170 740 3219 servum
763 3152 834 3217 audi
856 3152 888 3217 in
911 3151 1077 3219 Cistellaria
1100 3152 1138 3219 de
1155 3152 1277 3219 domina

199 3261 373 3345 loquentem
392 3282 398 3325 :

804 3452 897 3467 ..........
900 3418 924 3468 Si
934 3419 993 3467 mibi

357 3499 412 3549 Alia
421 3499 510 3549 mulier
519 3498 579 3548 istoc
591 3506 660 3561 pacto
672 3500 745 3557 dicat,
757 3500 836 3549 dicem
846 3513 901 3549 esse
910 3498 1002 3548 ebriam
1012 3500 1033 3545 ⁴.

197 3662 303 3727 Nonne
317 3659 369 3724 tali
385 3663 474 3727 verbo
493 3664 686 3728 sobrietatem
706 3662 786 3727 illius
800 3660 950 3727 testatur?
964 3664 1106 3728 Attamen
1121 3684 1199 3728 unus
1213 3664 1275 3730 lere

198 3769 246 3835 hic
260 3770 340 3835 locus
354 3778 400 3835 est
414 3769 445 3835 in
459 3792 518 3857 quo
529 3771 678 3837 alludatur
692 3771 730 3836 ad
746 3790 810 3836 rem
826 3769 997 3837 istiusmodi
1012 3773 1037 3836 e·
1061 3774 1202 3840 Ceterum
1221 3793 1276 3838 ex-

195 3887 240 3943 tra
254 3879 487 3947 controversiam
500 3889 546 3947 est
560 3889 765 3948 matronarum
779 3881 811 3945 in
827 3884 963 3951 venereis
980 3885 1182 3970 voluptatibus
1195 3893 1275 3949 tem-

228 4115 236 4149 ¹
251 4114 306 4163 Vel.
320 4116 383 4163 blan.
399 4115 436 4175 11,
459 4120 487 4175 1,
507 4122 532 4165 2.
546 4146 575 4153 —
589 4127 600 4161 Ξ
612 4118 709 4168 Cornel.
733 4120 793 4183 Nep.
819 4121 913 4182 praelat.
928 4148 958 4155 —
976 4119 988 4151 ³
1007 4120 1106 4168 Temeto
1120 4119 1274 4169 abstinebant

195 4196 308 4247 mulieres
319 4210 435 4246 romanae.
447 4196 500 4249 Val.
511 4198 574 4247 blan.
586 4199 608 4248 11
615 4234 623 4259 ,
638 4207 667 4259 1,
680 4205 710 4261 5;
725 4202 787 4251 Ptin.
799 4202 866 4260 XIV,
879 4206 917 4250 15.
931 4230 961 4237 -
974 4209 985 4243 ⁴
999 4202 1092 4251 Cistell.
1106 4202 1150 4261 lV,
1161 4208 1189 4261 1,
1203 4207 1240 4251 15.

227 4296 237 4329 -1
253 4275 321 4325 Adde
331 4284 411 4326 tamen
422 4277 447 4326 in
460 4277 546 4327 Casino
558 4280 624 4342 quod
634 4280 664 4329 de
674 4288 775 4346 utraque
788 4282 886 4331 domino
896 4282 953 4334 dicit
966 4282 1102 4344 Pardalisca
1114 4283 1204 4333 :Gnovi
1220 4286 1271 4333 illas

197 4355 280 4405 ambos
292 4357 403 4416 ostriees,
417 4365 461 4407 ete.
477 4357 562 4407 Cosiri.
575 4359 617 4418 IV,
629 4364 656 4418 1,
673 4364 710 4409 18.
