3250 5050
640 396 915 463 ητα·
1009 456 1054 486 ,-

632 617 686 631 ......
697 584 771 632 lllater
785 583 882 632 ancillas
891 584 961 646 jubet

321 659 401 712 illlam
414 663 528 711 aliorsum
543 663 591 721 ire,
604 663 769 725 praemandare
778 671 802 712 et
814 674 921 726 quaerere

321 742 427 791 Puerur'n
438 749 480 790 aut
492 743 610 806 puellam,
620 743 663 805 qui
673 743 842 806 subponuntur
855 743 924 792 milri.

322 821 384 880 Quid
398 823 474 871 multa
487 823 561 872 verba
571 823 674 873 luciam?
685 825 825 872 tonstricem
834 823 919 872 Suram

321 895 430 950 Gnovisti
440 909 561 960 nostram,
574 917 628 964 quae
641 903 713 952 modo
727 909 782 966 erga
792 898 865 952 aedeis
877 903 958 952 lra'bet.

325 1011 380 1028 ......
394 981 450 1028 Haec
464 993 514 1028 una
526 989 599 1042 opere
611 981 720 1029 circumit
730 987 773 1043 per*
782 981 900 1038 familias,
963 979 964 985 ’

322 1058 427 1108 Puerum
437 1059 537 1122 vestigat
549 1060 699 1120 clanculum,
712 1059 742 1108 ad
755 1073 794 1109 me
804 1059 898 1112 detulit.

322 1136 410 1186 datum
420 1151 471 1186 esse
482 1138 528 1186 sihi
538 1137 598 1186 dixit
606 1139 627 1184 ¹.

242 1288 322 1368 Quid
334 1289 515 1374 respondent
530 1307 624 1374 quum
642 1309 692 1355 eas
708 1289 846 1356 Callicles
858 1287 1053 1374 tuoringie?
1067 1291 1111 1356 Ne
1124 1270 1268 1354 conantur

196 1396 318 1482 quidem
330 1415 361 1461 se
374 1397 450 1462 lacto
464 1417 602 1481 purgare.
619 1398 717 1472 Unam
727 1416 791 1463 rem
805 1417 867 1482 prae
878 1417 911 1461 se
924 1396 1024 1462 lerunt
1040 1418 1046 1458 :

324 1583 378 1598 ......
389 1549 433 1608 Oui
444 1549 501 1598 dare
518 1557 540 1598 te
552 1549 608 1598 huic
622 1555 725 1612 puerum
734 1547 931 1614 insciti-Hera
943 1540 1021 1612 maior
1033 1555 1095 1598 msa.
1113 1577 1143 1584 -

322 1627 385 1686 Quid
396 1629 439 1678 tu?
453 1635 497 1678 eur
510 1634 566 1677 eum
582 1627 715 1690 adcepistil
725 1629 826 1677 -llera
838 1636 893 1676 mea
903 1628 1044 1690 rogavitmo
1053 1629 1148 1686 minor,
1161 1635 1197 1678 eto
1206 1631 1227 1677 ².

172 1745 176 1750 Ι
197 1757 339 1842 Ἐῑθίῐθτει
352 1772 444 1856 addit,
454 1795 546 1863 quum
556 1775 683 1878 eiherus
694 1774 863 1861 exprobrat,
873 1775 952 1861 quod
963 1770 1042 1841 mala
1050 1782 1149 1842 custos
1157 1774 1266 1843 fuerit:

327 1949 385 1998 Plus
394 1955 488 2011 potest,
501 1947 544 2010 qui
557 1936 611 2008 plus
625 1947 687 1996 valet
695 1950 715 1993 θ.

156 2188 159 2194 ¹
228 2180 230 2184 Α
248 2098 386 2182 Corporis
404 2097 567 2164 cruciatum
581 2115 676 2161 unum
692 2095 809 2161 metuit.
829 2096 977 2162 Ultimum
987 2098 1111 2163 verbum
1123 2097 1270 2183 profatur,

205 2315 283 2380 tineo
297 2317 321 2378 ⁴.

246 2427 424 2510 Exemplum
434 2426 515 2492 aliud
525 2426 647 2492 afferam
656 2425 826 2490 istiusmodi
836 2424 1008 2492 stoliditatis
1016 2437 1048 2495 et
1059 2427 1158 2492 omnis
1167 2445 1273 2492 sensus

199 2534 410 2601 hebetationis
431 2536 582 2603 incuriosa
613 2536 731 2603 Halisca
759 2534 791 2601 in
818 2535 1005 2617 Cistellaria,
1035 2536 1121 2623 cujus
1142 2538 1273 2603 lamenta

201 2663 322 2711 scenam
338 2662 431 2711 unam
451 2655 546 2711 totam
562 2645 713 2731 complent
725 2645 754 2721 ⁵,
777 2663 904 2730 queque
923 2654 1042 2711 tantum
1068 2646 1130 2711 suis
1146 2645 1274 2732 scapulis

201 2752 287 2819 timet
295 2781 320 2841 ,ι
327 2764 486 2839 postquam
497 2753 576 2821 inter
592 2753 778 2839 loquaciores
794 2754 931 2838 querelas
949 2754 1063 2820 sensim
1074 2755 1137 2821 iere
1151 2774 1274 2821 omnem

202 2861 283 2927 herm
294 2879 355 2927 suae
370 2861 527 2927 historiam
540 2863 640 2947 palam
658 2860 743 2940 lecit,
761 2859 814 2926 ubi
831 2880 954 2925 necesso
971 2871 1018 2927 est
1031 2881 1079 2926 res
1096 2861 1226 2947 amplius
1244 2872 1275 2927 et

201 2968 364 3035 absolutius
378 2968 523 3054 explicet,
537 2969 646 3046 haeret,
664 2967 810 3052 trepidat,
829 2977 948 3033 veretur
967 2987 1007 3034 ne
1023 2970 1104 3034 male
1124 2968 1282 3054 loquendo,

203 3082 316 3146 malum
328 3100 446 3167 semper
462 3082 640 3167 impendens
657 3079 746 3166 ospiti
759 3100 812 3145 suo
824 3081 965 3160 attrahat,
978 3079 1138 3167 adjicitque
1150 3082 1274 3147 verbum

203 3188 274 3266 hoc,
289 3184 354 3275 'quo
375 3186 475 3254 omnia
500 3185 656 3270 transigit,
679 3186 849 3273 fateturque
872 3207 960 3252 suum
980 3198 1155 3273 stuporem:
1183 3208 1276 3254 servo

202 3298 313 3361 euml.
1220 3287 1222 3290 ’

247 3396 287 3469 Ut
298 3404 426 3469 vidimus
436 3403 609 3468 meretrices¹
622 3403 654 3467 in
666 3403 863 3468 vinolentiam
872 3403 982 3484 delabi,
995 3416 1088 3489 quum
1098 3400 1276 3471 suntelletae

202 3511 342 3591 libidine,
355 3510 629 3590 deformatissimue,
645 3509 753 3596 pannis
765 3509 910 3595 squalidis
918 3510 1038 3591 obsitm,
1051 3522 1188 3597 expertes
1199 3506 1276 3578 allus

203 3620 377 3705 uoluptatis,
399 3608 440 3683 ita
461 3617 518 3683 erit
543 3618 580 3683 de
602 3617 721 3685 illarum
743 3619 899 3699 servamus,
921 3612 1016 3706 pejori
1040 3620 1132 3687 otiam
1156 3620 1275 3687 silendi

203 3725 373 3793 conditione
384 3726 514 3792 efferatis
529 3728 552 3790 ⁷.
696 3715 697 3718 ¹

234 3932 243 3965 ¹
261 3926 1153 3989 nocot.11‚r,sr,so,sqq.-sru.1v‚a‚ssr—³1aatu.tuae

233 4009 294 4059 4ld.
312 4009 348 4057 id.
364 4008 400 4057 id.
417 4010 456 4056 99.
476 4034 504 4043 -
517 4006 584 4065 ⁵ss„
600 4008 669 4056 illum
682 4008 778 4066 locum,
797 4008 890 4059 Cistell.
904 4010 946 4068 lV,
961 4014 972 4058 l
981 4044 990 4069 ,
1003 4023 1059 4058 cum
1079 4010 1125 4058 lroc
1141 4009 1276 4071 fragmento

203 4090 319 4153 Turpilii‚
332 4090 376 4137 199
389 4087 503 4151 (Fropm.
515 4084 608 4137 Contio.
624 4088 709 4138 Lutto.
723 4086 779 4138 otto
790 4086 928 4153 nmueaurz
939 4090 976 4138 lle
988 4090 1099 4138 miseram
1108 4086 1182 4152 lquid
1190 4090 1277 4153 mam?

203 4167 329 4217 intervias
346 4166 449 4229 epistula
467 4165 556 4215 excidit
573 4166 645 4229 mihi;
668 4168 755 4217 lnlelix
779 4160 843 4217 diter
865 4168 999 4217 tuniculam
1014 4182 1041 4217 uo
1059 4169 1170 4219 strolium
1190 4171 1274 4219 conlo·

205 4255 362 4296 caveremu-
373 4244 385 4280 θ
398 4244 491 4296 ctctett.
504 4240 547 4303 iv,
561 4249 590 4304 2,
602 4246 642 4295 99.
657 4276 687 4283 -
698 4243 708 4281 '²
719 4246 764 4297 st.
779 4245 862 4299 lloiat.
874 4248 895 4305 l,
911 4246 992 4309 Epist.
1003 4246 1075 4309 xiil,
1093 4252 1133 4299 lt.
1147 4248 1183 4299 tlt
1192 4251 1276 4299 vinosa

205 4327 299 4387 glomus
310 4326 405 4377 lurliuae
418 4326 521 4388 Pyirlria
535 4326 607 4375 lenaei
