3250 5050
661 442 842 506 ..55-

345 590 374 638 Et
387 603 498 639 sermone
512 605 574 654 opus
585 600 621 642 est
637 594 710 643 modo
723 596 800 653 tristi,
818 607 881 657 saepe
894 594 992 656 jocoso,

344 669 492 720 [defendente
502 672 579 720 vicem
592 671 664 722 modo
679 673 781 724 rhetoris
792 681 865 736 atque
874 679 967 736 poete,

345 750 468 800 Interdum
479 752 580 811 urbani,
591 755 711 815 parcentis
725 755 836 813 viribus,
849 761 921 816 atque

346 829 506 879 Extenuantis
519 846 559 880 eas
569 831 681 880 consulto
696 836 714 879 ¹.

267 1012 351 1095 Opus
363 1021 426 1076 erat
441 1023 475 1076 ut
491 1030 595 1078 omnes
611 1014 770 1079 delectaret
785 1012 1029 1098 pervinceretque
1041 1028 1149 1076 sonum
1168 1006 1289 1074 theatri.

218 1117 253 1182 ld
278 1118 354 1184 effici
374 1138 436 1183 non
457 1126 594 1204 poterat,
616 1120 675 1185 nisi
700 1121 785 1206 plebs
799 1119 873 1205 ipsa
890 1130 1070 1186 moveretur.
1090 1117 1163 1183 lnde
1175 1116 1293 1181 riolatae

220 1228 302 1326 leges
314 1227 507 1293 adstrictioris
519 1228 592 1293 artis
601 1239 632 1294 et
644 1229 843 1296 Horatianum
856 1229 933 1295 hoc:

812 1430 900 1492 Aspice
909 1431 1012 1480 Plautus

347 1507 399 1565 Quo
410 1515 479 1569 pacto
493 1515 574 1570 partes
586 1515 678 1558 tutetur
690 1510 793 1558 amantis
803 1509 903 1571 ephebl3

348 1585 379 1635 Ut
388 1586 463 1648 patris
479 1586 577 1644 attenti,
587 1586 681 1637 lenonis
693 1595 720 1637 ut
732 1587 856 1645 insidiosi,
869 1595 915 1637 ete.
926 1589 947 1634 ².

223 1801 304 1869 Nibil
319 1803 361 1869 ait
373 1804 493 1871 criticus
507 1807 544 1872 de
556 1806 743 1873 mulieribus.
763 1809 830 1872 Non
846 1806 974 1872 arbitror
986 1805 1053 1871 ideo
1070 1804 1107 1868 ab
1121 1803 1173 1868 illo
1188 1821 1297 1886 excep

222 1920 268 1976 tas
282 1912 373 1979 luisse
392 1914 553 1982 muliebres
571 1936 726 2002 personas,
742 1936 836 2002 quum
856 1926 969 1983 ceteras
983 1915 1150 1981 damnaret.
1165 1914 1291 1991 Verum,

223 2020 360 2103 quamvis
372 2022 573 2088 observandus
587 2023 626 2088 sit
637 2024 793 2104 Horatius
807 2043 899 2109 quam
910 2022 1050 2109 proponit
1065 2039 1202 2087 normam
1218 2018 1294 2084 scri-

224 2126 314 2192 bendi
330 2128 376 2193 bis
390 2129 487 2196 verbis
502 2152 509 2192 :
525 2132 605 2199 sotis
619 2141 664 2196 est
678 2132 810 2218 equitem
825 2132 907 2195 mibi
913 2130 1077 2217 plaudere,
1094 2149 1155 2194 non
1167 2126 1296 2193 suadebo

225 2244 258 2299 ut
278 2247 364 2319 poeta
388 2236 443 2302 sibi
469 2257 559 2303 unam
580 2237 679 2304 iaciat.
698 2241 800 2318 Quum
815 2237 864 2302 vix
876 2248 1011 2324 tempore
1025 2236 1155 2303 Terentii
1169 2257 1203 2302 ea
1219 2243 1297 2300 esset
1342 2291 1355 2304 .

224 2342 407 2425 humanitas,
425 2344 526 2410 virita
538 2346 626 2410 multi
641 2356 741 2412 essent
752 2345 852 2432 cupidi
864 2345 1096 2430 elegantiarum,
1112 2354 1220 2411 utnon
1234 2343 1298 2408 sine

226 2451 327 2516 labore
348 2452 503 2520 reduceret
519 2454 556 2519 ad
573 2474 605 2520 se
625 2464 656 2520 et
672 2454 820 2522 detineret
838 2453 1014 2535 audientes,
1044 2453 1116 2541 quid
1141 2451 1296 2518 accidisset

222 2564 329 2629 Plauto
346 2565 371 2631 si
390 2575 509 2659 tantum
531 2567 625 2633 doctis
639 2576 671 2633 et
684 2566 808 2633 eruditis
822 2565 943 2652 probari
962 2566 1115 2632 voluisset.
1130 2568 1197 2632 Non
1209 2564 1296 2630 illum

221 2670 312 2755 igitur
337 2657 470 2740 dicemus
491 2676 657 2749 nescivisse
679 2686 777 2761 partes
796 2695 1013 2761 personarum,
1047 2696 1121 2760 quas
1146 2675 1294 2759 fingeret,

222 2786 326 2865 tutari,
341 2788 392 2853 sed
404 2788 461 2853 alia
476 2788 591 2855 ratione
605 2790 755 2855 scribendi
769 2808 857 2855 usum
871 2808 951 2866 esse,
969 2807 1060 2874 quam
1074 2806 1145 2852 eum
1157 2807 1210 2851 sua
1224 2795 1296 2851 aetas

223 2903 257 2973 ut
269 2894 394 2961 haberet
407 2896 515 2982 coegit.
539 2898 683 2983 Superest
697 2906 732 2963 ut
750 2915 919 2981 quaeramus
935 2915 1035 2961 nonne
1056 2904 1158 2959 tamen
1173 2893 1298 2958 virtutes

222 3002 347 3069 eximias
362 3005 394 3070 in
405 3006 563 3071 scribendo
575 3004 754 3083 ostenderit,
767 3004 876 3091 quibus
889 3004 1015 3071 meritus
1029 3003 1068 3068 sit
1081 3011 1129 3083 ut,
1148 3023 1209 3067 non
1219 3002 1297 3088 apud

221 3112 352 3195 aequales
365 3114 468 3193 modo,
487 3114 539 3179 sed
552 3123 584 3178 et
596 3114 675 3198 apud
685 3123 820 3196 posteros
831 3111 1067 3178 commendetur.

269 3219 339 3283 Dixi
358 3220 447 3285 modo
473 3240 541 3286 eum
561 3221 592 3286 in
611 3220 740 3317 ingeniis
759 3219 938 3305 effingendis
957 3240 1018 3284 non
1046 3220 1176 3284 multum
1206 3218 1297 3283 fuisse

224 3327 276 3393 sed
299 3348 377 3413 saepe
395 3350 455 3395 una
473 3339 525 3394 aut
541 3330 632 3395 altera
652 3328 730 3394 linea
754 3349 822 3414 quae
846 3328 1016 3413 conceperit
1034 3326 1237 3412 descripsisse.
1259 3326 1297 3390 At

225 3446 304 3502 certe
318 3437 368 3503 illa
380 3438 459 3504 linea
471 3439 558 3504 ducta
573 3447 619 3504 est
632 3438 739 3518 altius,
762 3457 817 3503 nec
836 3446 954 3502 tantum
973 3455 1123 3502 summam
1140 3454 1240 3501 rerum
1254 3436 1298 3500 le

128 3528 132 3535 ’
225 3544 301 3610 viter
327 3546 458 3631 attingit.
500 3547 546 3612 llli
562 3548 652 3613 verba
675 3555 855 3632 suppetunt,
883 3565 951 3629 quae
977 3544 1168 3631 potissimum
1193 3564 1299 3609 sensus

225 3661 257 3716 ot
280 3652 382 3737 generi
405 3662 437 3718 et
455 3654 582 3739 singulae
599 3675 736 3740 personae,
760 3654 891 3719 maxime
914 3653 1036 3719 idoneos
1062 3653 1200 3739 prodant.
1228 3652 1298 3715 Sta-

227 3759 282 3823 tim
300 3759 332 3825 in
355 3759 496 3827 intimum
512 3773 616 3847 pectus
628 3764 692 3849 ejus
708 3781 798 3846 quem
819 3762 993 3845 loquentem
1012 3760 1128 3826 inducit
1142 3766 1293 3843 penetrat,

227 3876 310 3933 etex
327 3870 392 3955 ejus
410 3890 461 3936 ore
480 3871 569 3936 verba
591 3868 703 3955 promit
720 3870 830 3954 quibus
851 3888 950 3936 mores
968 3869 1184 3954 exprimantur.
1212 3865 1300 3949 Saepe·

227 3976 318 4041 etiam
336 3978 368 4041 in
393 3978 506 4045 fervido
524 3968 658 4043 diverbio
677 3978 749 4063 quid
767 3976 892 4057 sentiat,
912 3988 943 4042 et
958 3977 1024 4042 ideo
1042 3975 1094 4060 qui
1110 3973 1150 4038 sit
1170 3971 1293 4057 profert.

226 4088 319 4167 Quos,
335 4097 497 4173 antequam
511 4096 689 4173 appareant,
708 4086 879 4172 descripsit,
901 4095 934 4151 ut
947 4084 1079 4170 primum
1098 4081 1155 4168 ipsi
1173 4081 1299 4145 veniunt

262 4362 270 4395 ¹
285 4359 367 4408 Horat.
379 4360 389 4407 l
400 4393 408 4419 ,
420 4357 471 4409 Sat.
485 4357 516 4416 ll,
527 4360 551 4405 9.
564 4384 594 4392 —
607 4358 619 4395 2
631 4357 666 4407 ld.
683 4356 876 4419 11.Ep.1‚1rn.
