<?xml version="1.0" encoding="UTF-8"?>
<!DOCTYPE html PUBLIC "-//W3C//DTD XHTML 1.0 Transitional//EN"
    "http://www.w3.org/TR/xhtml1/DTD/xhtml1-transitional.dtd">
<html xmlns="http://www.w3.org/1999/xhtml" xml:lang="en" lang="en">
 <head>
  <title>
</title>
<meta http-equiv="Content-Type" content="text/html;charset=utf-8" />
  <meta name='ocr-system' content='tesseract 3.04.00' />
  <meta name='ocr-capabilities' content='ocr_page ocr_carea ocr_par ocr_line ocrx_word'/>
</head>
<body>
  <div class='ocr_page' id='page_1' title='image "./depersonismulie00benogoog_0051.png"; bbox 0 0 3250 5050; ppageno 0'>
   <div class='ocr_carea' id='block_1_1' title="bbox 680 431 862 495">
    <p class='ocr_par' dir='ltr' id='par_1_1' title="bbox 680 431 862 495">
     <span class='ocr_line' id='line_1_1' title="bbox 680 431 862 495; baseline 0 -17"><span class='ocrx_word' id='word_1_1' title='bbox 680 431 862 495; x_wconf 63' lang='grc'><strong>,37-</strong></span> 
     </span>
    </p>
   </div>
   <div class='ocr_carea' id='block_1_2' title="bbox 227 559 1305 1413">
    <p class='ocr_par' dir='ltr' id='par_1_2' title="bbox 227 559 1305 1413">
     <span class='ocr_line' id='line_1_2' title="bbox 231 559 1304 656; baseline 0.01 -28"><span class='ocrx_word' id='word_1_2' title='bbox 231 561 353 647; x_wconf 84' lang='lat' dir='ltr'><strong>quidem</strong></span> <span class='ocrx_word' id='word_1_3' title='bbox 365 566 487 630; x_wconf 87' lang='lat' dir='ltr'><strong>verbum</strong></span> <span class='ocrx_word' id='word_1_4' title='bbox 501 566 627 648; x_wconf 77' lang='lat' dir='ltr'><strong>effatur,</strong></span> <span class='ocrx_word' id='word_1_5' title='bbox 651 591 667 634; x_wconf 89' lang='lat' dir='ltr'><strong>e</strong></span> <span class='ocrx_word' id='word_1_6' title='bbox 681 589 740 653; x_wconf 89' lang='lat' dir='ltr'><strong>quo</strong></span> <span class='ocrx_word' id='word_1_7' title='bbox 752 570 885 635; x_wconf 84' lang='lat' dir='ltr'><strong>indolem</strong></span> <span class='ocrx_word' id='word_1_8' title='bbox 898 559 963 655; x_wconf 88' lang='lat' dir='ltr'><strong>ejus</strong></span> <span class='ocrx_word' id='word_1_9' title='bbox 973 561 1178 656; x_wconf 86' lang='lat' dir='ltr'><strong>conjiciamus.</strong></span> <span class='ocrx_word' id='word_1_10' title='bbox 1197 572 1235 637; x_wconf 81' lang='lat' dir='ltr'><strong>At</strong></span> <span class='ocrx_word' id='word_1_11' title='bbox 1249 575 1304 639; x_wconf 87' lang='lat' dir='ltr'><strong>sub</strong></span> 
     </span>
     <span class='ocr_line' id='line_1_3' title="bbox 232 669 1302 762; baseline 0.013 -29"><span class='ocrx_word' id='word_1_12' title='bbox 232 669 291 735; x_wconf 91' lang='lat' dir='ltr'><strong>line</strong></span> <span class='ocrx_word' id='word_1_13' title='bbox 303 672 467 752; x_wconf 75' lang='lat' dir='ltr'><strong>comoediae,</strong></span> <span class='ocrx_word' id='word_1_14' title='bbox 484 675 575 740; x_wconf 89' lang='lat' dir='ltr'><strong>libera</strong></span> <span class='ocrx_word' id='word_1_15' title='bbox 590 677 777 760; x_wconf 85' lang='lat' dir='ltr'><strong>agnoscitur;</strong></span> <span class='ocrx_word' id='word_1_16' title='bbox 800 696 910 762; x_wconf 84' lang='lat' dir='ltr'><strong>magna</strong></span> <span class='ocrx_word' id='word_1_17' title='bbox 922 677 1068 743; x_wconf 87' lang='lat' dir='ltr'><strong>industria</strong></span> <span class='ocrx_word' id='word_1_18' title='bbox 1080 679 1204 746; x_wconf 90' lang='lat' dir='ltr'><strong>educata</strong></span> <span class='ocrx_word' id='word_1_19' title='bbox 1218 690 1264 745; x_wconf 90' lang='lat' dir='ltr'><strong>est</strong></span> <span class='ocrx_word' id='word_1_20' title='bbox 1286 704 1302 747; x_wconf 87' lang='lat' dir='ltr'><strong>a</strong></span> 
     </span>
     <span class='ocr_line' id='line_1_4' title="bbox 230 779 1298 872; baseline 0.009 -28"><span class='ocrx_word' id='word_1_21' title='bbox 230 779 404 858; x_wconf 74' lang='lat' dir='ltr'><strong>Cleostrata,</strong></span> <span class='ocrx_word' id='word_1_22' title='bbox 417 789 560 867; x_wconf 86' lang='lat' dir='ltr'><strong>tanquam</strong></span> <span class='ocrx_word' id='word_1_23' title='bbox 570 795 648 850; x_wconf 90' lang='lat' dir='ltr'><strong>esset</strong></span> <span class='ocrx_word' id='word_1_24' title='bbox 659 786 723 871; x_wconf 88' lang='lat' dir='ltr'><strong>ejus</strong></span> <span class='ocrx_word' id='word_1_25' title='bbox 733 787 805 865; x_wconf 89' lang='lat' dir='ltr'><strong>tilia,</strong></span> <span class='ocrx_word' id='word_1_26' title='bbox 817 796 850 851; x_wconf 89' lang='lat' dir='ltr'><strong>ut</strong></span> <span class='ocrx_word' id='word_1_27' title='bbox 860 797 945 871; x_wconf 90' lang='lat' dir='ltr'><strong>poeta</strong></span> <span class='ocrx_word' id='word_1_28' title='bbox 960 788 1012 852; x_wconf 90' lang='lat' dir='ltr'><strong>ait.</strong></span> <span class='ocrx_word' id='word_1_29' title='bbox 1021 792 1136 872; x_wconf 89' lang='lat' dir='ltr'><strong>ltaque,</strong></span> <span class='ocrx_word' id='word_1_30' title='bbox 1148 788 1298 869; x_wconf 89' lang='lat' dir='ltr'><strong>additille,</strong></span> 
     </span>
     <span class='ocr_line' id='line_1_5' title="bbox 229 886 1305 981; baseline 0.013 -31"><span class='ocrx_word' id='word_1_31' title='bbox 229 886 396 954; x_wconf 90' lang='lat' dir='ltr'><strong>invenietur</strong></span> <span class='ocrx_word' id='word_1_32' title='bbox 408 891 525 975; x_wconf 89' lang='lat' dir='ltr'><strong>pudica,</strong></span> <span class='ocrx_word' id='word_1_33' title='bbox 540 912 637 977; x_wconf 89' lang='lat' dir='ltr'><strong>neque</strong></span> <span class='ocrx_word' id='word_1_34' title='bbox 648 895 811 980; x_wconf 87' lang='lat' dir='ltr'><strong>quidquam</strong></span> <span class='ocrx_word' id='word_1_35' title='bbox 825 896 919 980; x_wconf 83' lang='lat' dir='ltr'><strong>stupri</strong></span> <span class='ocrx_word' id='word_1_36' title='bbox 932 895 1020 961; x_wconf 89' lang='lat' dir='ltr'><strong>faciet</strong></span> <span class='ocrx_word' id='word_1_37' title='bbox 1040 897 1172 981; x_wconf 90' lang='lat' dir='ltr'><strong>prolecto</strong></span> <span class='ocrx_word' id='word_1_38' title='bbox 1195 898 1226 962; x_wconf 95' lang='lat' dir='ltr'><strong>in</strong></span> <span class='ocrx_word' id='word_1_39' title='bbox 1247 898 1305 964; x_wconf 90' lang='lat' dir='ltr'><strong>hac</strong></span> 
     </span>
     <span class='ocr_line' id='line_1_6' title="bbox 228 994 1304 1087; baseline 0.012 -30"><span class='ocrx_word' id='word_1_40' title='bbox 228 994 350 1078; x_wconf 90' lang='lat' dir='ltr'><strong>quidem</strong></span> <span class='ocrx_word' id='word_1_41' title='bbox 359 998 531 1064; x_wconf 67' lang='lat' dir='ltr'><strong>comedia.</strong></span> <span class='ocrx_word' id='word_1_42' title='bbox 549 1001 613 1066; x_wconf 92' lang='lat' dir='ltr'><strong>Una</strong></span> <span class='ocrx_word' id='word_1_43' title='bbox 628 1021 664 1066; x_wconf 85' lang='lat' dir='ltr'><strong>ex</strong></span> <span class='ocrx_word' id='word_1_44' title='bbox 679 1002 714 1067; x_wconf 93' lang='lat' dir='ltr'><strong>iis</strong></span> <span class='ocrx_word' id='word_1_45' title='bbox 726 1004 862 1086; x_wconf 90' lang='lat' dir='ltr'><strong>personis</strong></span> <span class='ocrx_word' id='word_1_46' title='bbox 873 1012 919 1068; x_wconf 90' lang='lat' dir='ltr'><strong>est</strong></span> <span class='ocrx_word' id='word_1_47' title='bbox 940 1004 1019 1087; x_wconf 89' lang='lat' dir='ltr'><strong>apud</strong></span> <span class='ocrx_word' id='word_1_48' title='bbox 1029 1003 1154 1069; x_wconf 88' lang='lat' dir='ltr'><strong>Latinos</strong></span> <span class='ocrx_word' id='word_1_49' title='bbox 1165 1004 1304 1071; x_wconf 87' lang='lat' dir='ltr'><strong>Comicos</strong></span> 
     </span>
     <span class='ocr_line' id='line_1_7' title="bbox 227 1101 1303 1197; baseline 0.011 -31"><span class='ocrx_word' id='word_1_50' title='bbox 227 1101 486 1187; x_wconf 79' lang='lat' dir='ltr'><strong>frequentissimis,</strong></span> <span class='ocrx_word' id='word_1_51' title='bbox 498 1125 575 1191; x_wconf 78' lang='lat' dir='ltr'><strong>qum,</strong></span> <span class='ocrx_word' id='word_1_52' title='bbox 589 1109 656 1175; x_wconf 89' lang='lat' dir='ltr'><strong>licet</strong></span> <span class='ocrx_word' id='word_1_53' title='bbox 666 1109 697 1173; x_wconf 96' lang='lat' dir='ltr'><strong>in</strong></span> <span class='ocrx_word' id='word_1_54' title='bbox 710 1119 887 1194; x_wconf 82' lang='lat' dir='ltr'><strong>argumento</strong></span> <span class='ocrx_word' id='word_1_55' title='bbox 896 1111 1054 1196; x_wconf 71' lang='lat' dir='ltr'><strong>praecipue</strong></span> <span class='ocrx_word' id='word_1_56' title='bbox 1065 1111 1136 1192; x_wconf 91' lang='lat' dir='ltr'><strong>sint,</strong></span> <span class='ocrx_word' id='word_1_57' title='bbox 1148 1132 1303 1197; x_wconf 90' lang='lat' dir='ltr'><strong>nunquam</strong></span> 
     </span>
     <span class='ocr_line' id='line_1_8' title="bbox 228 1209 1302 1312; baseline 0.01 -38"><span class='ocrx_word' id='word_1_58' title='bbox 228 1209 259 1274; x_wconf 95' lang='lat' dir='ltr'><strong>in</strong></span> <span class='ocrx_word' id='word_1_59' title='bbox 270 1230 389 1276; x_wconf 87' lang='lat' dir='ltr'><strong>scenam</strong></span> <span class='ocrx_word' id='word_1_60' title='bbox 404 1215 579 1296; x_wconf 88' lang='lat' dir='ltr'><strong>procedunt.</strong></span> <span class='ocrx_word' id='word_1_61' title='bbox 597 1218 647 1294; x_wconf 86' lang='lat' dir='ltr'><strong>At,</strong></span> <span class='ocrx_word' id='word_1_62' title='bbox 666 1235 759 1300; x_wconf 88' lang='lat' dir='ltr'><strong>quum</strong></span> <span class='ocrx_word' id='word_1_63' title='bbox 771 1237 815 1282; x_wconf 75' lang='lat' dir='ltr'><strong>eae</strong></span> <span class='ocrx_word' id='word_1_64' title='bbox 826 1217 867 1282; x_wconf 89' lang='lat' dir='ltr'><strong>ita</strong></span> <span class='ocrx_word' id='word_1_65' title='bbox 878 1217 983 1284; x_wconf 77' lang='lat' dir='ltr'><strong>efficta</strong></span> <span class='ocrx_word' id='word_1_66' title='bbox 996 1228 1077 1298; x_wconf 89' lang='lat' dir='ltr'><strong>sunt,</strong></span> <span class='ocrx_word' id='word_1_67' title='bbox 1090 1218 1153 1312; x_wconf 85' lang='lat' dir='ltr'><strong>fere</strong></span> <span class='ocrx_word' id='word_1_68' title='bbox 1173 1219 1255 1285; x_wconf 90' lang='lat' dir='ltr'><strong>idem</strong></span> <span class='ocrx_word' id='word_1_69' title='bbox 1267 1219 1302 1285; x_wconf 87' lang='lat' dir='ltr'><strong>fit</strong></span> 
     </span>
     <span class='ocr_line' id='line_1_9' title="bbox 227 1320 1301 1413; baseline 0.011 -30"><span class='ocrx_word' id='word_1_70' title='bbox 227 1338 262 1384; x_wconf 88' lang='lat' dir='ltr'><strong>ac</strong></span> <span class='ocrx_word' id='word_1_71' title='bbox 274 1320 299 1384; x_wconf 95' lang='lat' dir='ltr'><strong>si</strong></span> <span class='ocrx_word' id='word_1_72' title='bbox 314 1333 501 1405; x_wconf 87' lang='lat' dir='ltr'><strong>apparerent.</strong></span> <span class='ocrx_word' id='word_1_73' title='bbox 518 1326 599 1391; x_wconf 89' lang='lat' dir='ltr'><strong>Bella</strong></span> <span class='ocrx_word' id='word_1_74' title='bbox 614 1335 644 1391; x_wconf 92' lang='lat' dir='ltr'><strong>et</strong></span> <span class='ocrx_word' id='word_1_75' title='bbox 656 1325 764 1392; x_wconf 88' lang='lat' dir='ltr'><strong>tenella</strong></span> <span class='ocrx_word' id='word_1_76' title='bbox 779 1335 825 1392; x_wconf 87' lang='lat' dir='ltr'><strong>est</strong></span> <span class='ocrx_word' id='word_1_77' title='bbox 836 1326 955 1405; x_wconf 89' lang='lat' dir='ltr'><strong>Casina,</strong></span> <span class='ocrx_word' id='word_1_78' title='bbox 967 1328 1010 1392; x_wconf 88' lang='lat' dir='ltr'><strong>ait</strong></span> <span class='ocrx_word' id='word_1_79' title='bbox 1022 1328 1146 1393; x_wconf 88' lang='lat' dir='ltr'><strong>Plautus</strong></span> <span class='ocrx_word' id='word_1_80' title='bbox 1162 1351 1170 1407; x_wconf 90' lang='lat'>;</span> <span class='ocrx_word' id='word_1_81' title='bbox 1194 1329 1301 1413; x_wconf 83' lang='lat' dir='ltr'><strong>pudice</strong></span> 
     </span>
    </p>
   </div>
   <div class='ocr_carea' id='block_1_3' title="bbox 227 1427 1403 1519">
    <p class='ocr_par' dir='ltr' id='par_1_3' title="bbox 227 1427 1403 1519">
     <span class='ocr_line' id='line_1_10' title="bbox 227 1427 1403 1519; baseline 0.012 -27"><span class='ocrx_word' id='word_1_82' title='bbox 227 1427 349 1494; x_wconf 87' lang='lat' dir='ltr'><strong>educata</strong></span> <span class='ocrx_word' id='word_1_83' title='bbox 362 1438 417 1494; x_wconf 90' lang='lat' dir='ltr'><strong>est.</strong></span> <span class='ocrx_word' id='word_1_84' title='bbox 429 1430 567 1496; x_wconf 89' lang='lat' dir='ltr'><strong>Conditio</strong></span> <span class='ocrx_word' id='word_1_85' title='bbox 579 1441 678 1498; x_wconf 88' lang='lat' dir='ltr'><strong>autern</strong></span> <span class='ocrx_word' id='word_1_86' title='bbox 691 1432 722 1500; x_wconf 93' lang='lat' dir='ltr'><strong>in</strong></span> <span class='ocrx_word' id='word_1_87' title='bbox 735 1452 792 1518; x_wconf 91' lang='lat' dir='ltr'><strong>qua</strong></span> <span class='ocrx_word' id='word_1_88' title='bbox 802 1443 952 1511; x_wconf 86' lang='lat' dir='ltr'><strong>versatur,</strong></span> <span class='ocrx_word' id='word_1_89' title='bbox 968 1435 1125 1519; x_wconf 90' lang='lat' dir='ltr'><strong>cupidines</strong></span> <span class='ocrx_word' id='word_1_90' title='bbox 1136 1436 1217 1500; x_wconf 91' lang='lat' dir='ltr'><strong>senis</strong></span> <span class='ocrx_word' id='word_1_91' title='bbox 1227 1436 1301 1502; x_wconf 83' lang='lat' dir='ltr'><strong>ado-</strong></span> <span class='ocrx_word' id='word_1_92' title='bbox 1398 1499 1403 1506; x_wconf 89' lang='lat'>.</span> 
     </span>
    </p>
   </div>
   <div class='ocr_carea' id='block_1_4' title="bbox 170 1537 1362 2495">
    <p class='ocr_par' dir='ltr' id='par_1_4' title="bbox 224 1537 1304 1928">
     <span class='ocr_line' id='line_1_11' title="bbox 226 1537 1304 1629; baseline 0.008 -28"><span class='ocrx_word' id='word_1_93' title='bbox 226 1537 424 1623; x_wconf 89' lang='lat' dir='ltr'><strong>lescentisque</strong></span> <span class='ocrx_word' id='word_1_94' title='bbox 444 1549 474 1606; x_wconf 91' lang='lat' dir='ltr'><strong>et</strong></span> <span class='ocrx_word' id='word_1_95' title='bbox 487 1560 640 1607; x_wconf 87' lang='lat' dir='ltr'><strong>serrorum</strong></span> <span class='ocrx_word' id='word_1_96' title='bbox 654 1540 743 1607; x_wconf 89' lang='lat' dir='ltr'><strong>simul</strong></span> <span class='ocrx_word' id='word_1_97' title='bbox 758 1593 765 1620; x_wconf 95' lang='lat'>‚</span> <span class='ocrx_word' id='word_1_98' title='bbox 786 1543 896 1626; x_wconf 88' lang='lat' dir='ltr'><strong>quibus</strong></span> <span class='ocrx_word' id='word_1_99' title='bbox 908 1541 1029 1628; x_wconf 89' lang='lat' dir='ltr'><strong>petitur,</strong></span> <span class='ocrx_word' id='word_1_100' title='bbox 1042 1541 1160 1608; x_wconf 82' lang='lat' dir='ltr'><strong>insidiae</strong></span> <span class='ocrx_word' id='word_1_101' title='bbox 1182 1543 1213 1608; x_wconf 93' lang='lat' dir='ltr'><strong>in</strong></span> <span class='ocrx_word' id='word_1_102' title='bbox 1226 1564 1304 1629; x_wconf 92' lang='lat' dir='ltr'><strong>quas</strong></span> 
     </span>
     <span class='ocr_line' id='line_1_12' title="bbox 225 1645 1297 1734; baseline 0.008 -26"><span class='ocrx_word' id='word_1_103' title='bbox 225 1645 275 1710; x_wconf 87' lang='lat' dir='ltr'><strong>vix</strong></span> <span class='ocrx_word' id='word_1_104' title='bbox 288 1666 348 1710; x_wconf 91' lang='lat' dir='ltr'><strong>non</strong></span> <span class='ocrx_word' id='word_1_105' title='bbox 361 1647 482 1727; x_wconf 87' lang='lat' dir='ltr'><strong>decidit,</strong></span> <span class='ocrx_word' id='word_1_106' title='bbox 498 1648 612 1714; x_wconf 90' lang='lat' dir='ltr'><strong>ratione</strong></span> <span class='ocrx_word' id='word_1_107' title='bbox 624 1649 763 1734; x_wconf 90' lang='lat' dir='ltr'><strong>quadam,</strong></span> <span class='ocrx_word' id='word_1_108' title='bbox 777 1649 842 1734; x_wconf 84' lang='lat' dir='ltr'><strong>ejus</strong></span> <span class='ocrx_word' id='word_1_109' title='bbox 856 1649 983 1734; x_wconf 87' lang='lat' dir='ltr'><strong>gradum</strong></span> <span class='ocrx_word' id='word_1_110' title='bbox 996 1649 1191 1716; x_wconf 88' lang='lat' dir='ltr'><strong>imminuunt.</strong></span> <span class='ocrx_word' id='word_1_111' title='bbox 1215 1652 1297 1730; x_wconf 91' lang='lat' dir='ltr'><strong>Ideo,</strong></span> 
     </span>
     <span class='ocr_line' id='line_1_13' title="bbox 225 1755 1300 1840; baseline 0.007 -23"><span class='ocrx_word' id='word_1_112' title='bbox 225 1772 395 1839; x_wconf 86' lang='lat' dir='ltr'><strong>quanquam</strong></span> <span class='ocrx_word' id='word_1_113' title='bbox 408 1756 530 1821; x_wconf 90' lang='lat' dir='ltr'><strong>tandem</strong></span> <span class='ocrx_word' id='word_1_114' title='bbox 543 1755 671 1840; x_wconf 84' lang='lat' dir='ltr'><strong>ingenua</strong></span> <span class='ocrx_word' id='word_1_115' title='bbox 694 1757 839 1835; x_wconf 89' lang='lat' dir='ltr'><strong>habetur,</strong></span> <span class='ocrx_word' id='word_1_116' title='bbox 856 1775 924 1824; x_wconf 90' lang='lat' dir='ltr'><strong>eam</strong></span> <span class='ocrx_word' id='word_1_117' title='bbox 945 1757 1024 1824; x_wconf 89' lang='lat' dir='ltr'><strong>inter</strong></span> <span class='ocrx_word' id='word_1_118' title='bbox 1043 1756 1216 1824; x_wconf 86' lang='lat' dir='ltr'><strong>meretrices</strong></span> <span class='ocrx_word' id='word_1_119' title='bbox 1236 1760 1300 1824; x_wconf 84' lang='lat' dir='ltr'><strong>col-</strong></span> 
     </span>
     <span class='ocr_line' id='line_1_14' title="bbox 224 1860 328 1928; baseline 0.029 -4"><span class='ocrx_word' id='word_1_120' title='bbox 224 1860 328 1928; x_wconf 87' lang='lat' dir='ltr'><strong>locavi.</strong></span> 
     </span>
    </p>

    <p class='ocr_par' dir='ltr' id='par_1_5' title="bbox 223 1972 1362 2168">
     <span class='ocr_line' id='line_1_15' title="bbox 267 1972 1296 2067; baseline 0.006 -31"><span class='ocrx_word' id='word_1_121' title='bbox 267 1972 351 2038; x_wconf 89' lang='lat' dir='ltr'><strong>Idem</strong></span> <span class='ocrx_word' id='word_1_122' title='bbox 365 1982 469 2057; x_wconf 87' lang='lat' dir='ltr'><strong>agetur</strong></span> <span class='ocrx_word' id='word_1_123' title='bbox 481 1975 519 2039; x_wconf 89' lang='lat' dir='ltr'><strong>de</strong></span> <span class='ocrx_word' id='word_1_124' title='bbox 531 1974 645 2039; x_wconf 86' lang='lat' dir='ltr'><strong>duabus</strong></span> <span class='ocrx_word' id='word_1_125' title='bbox 656 1975 784 2067; x_wconf 74' lang='lat' dir='ltr'><strong>Poenuli</strong></span> <span class='ocrx_word' id='word_1_126' title='bbox 798 1974 961 2052; x_wconf 89' lang='lat' dir='ltr'><strong>sororibus,</strong></span> <span class='ocrx_word' id='word_1_127' title='bbox 975 1983 1005 2040; x_wconf 87' lang='lat' dir='ltr'><strong>et</strong></span> <span class='ocrx_word' id='word_1_128' title='bbox 1022 1995 1058 2039; x_wconf 93' lang='lat' dir='ltr'><strong>eo</strong></span> <span class='ocrx_word' id='word_1_129' title='bbox 1070 1976 1179 2066; x_wconf 79' lang='lat' dir='ltr'><strong>certius</strong></span> <span class='ocrx_word' id='word_1_130' title='bbox 1191 2027 1198 2053; x_wconf 90' lang='lat'>‚</span> <span class='ocrx_word' id='word_1_131' title='bbox 1216 1977 1296 2059; x_wconf 91' lang='lat' dir='ltr'><strong>quod</strong></span> 
     </span>
     <span class='ocr_line' id='line_1_16' title="bbox 223 2078 1362 2168; baseline 0.009 -27"><span class='ocrx_word' id='word_1_132' title='bbox 223 2078 282 2144; x_wconf 84' lang='lat' dir='ltr'><strong>illae</strong></span> <span class='ocrx_word' id='word_1_133' title='bbox 294 2081 325 2144; x_wconf 91' lang='lat' dir='ltr'><strong>in</strong></span> <span class='ocrx_word' id='word_1_134' title='bbox 339 2079 403 2165; x_wconf 92' lang='lat' dir='ltr'><strong>ipsa</strong></span> <span class='ocrx_word' id='word_1_135' title='bbox 416 2082 516 2146; x_wconf 87' lang='lat' dir='ltr'><strong>fabula</strong></span> <span class='ocrx_word' id='word_1_136' title='bbox 536 2101 652 2146; x_wconf 89' lang='lat' dir='ltr'><strong>sacrum</strong></span> <span class='ocrx_word' id='word_1_137' title='bbox 666 2082 788 2160; x_wconf 90' lang='lat' dir='ltr'><strong>faciunt,</strong></span> <span class='ocrx_word' id='word_1_138' title='bbox 802 2102 862 2167; x_wconf 92' lang='lat' dir='ltr'><strong>quo</strong></span> <span class='ocrx_word' id='word_1_139' title='bbox 875 2103 908 2147; x_wconf 91' lang='lat' dir='ltr'><strong>se</strong></span> <span class='ocrx_word' id='word_1_140' title='bbox 921 2084 1093 2149; x_wconf 85' lang='lat' dir='ltr'><strong>meretrices</strong></span> <span class='ocrx_word' id='word_1_141' title='bbox 1104 2083 1291 2168; x_wconf 84' lang='lat' dir='ltr'><strong>profitentur.</strong></span> <span class='ocrx_word' id='word_1_142' title='bbox 1360 2094 1362 2097; x_wconf 82' lang='grc'><strong>’</strong></span> 
     </span>
    </p>

    <p class='ocr_par' dir='ltr' id='par_1_6' title="bbox 170 2190 1297 2495">
     <span class='ocr_line' id='line_1_17' title="bbox 223 2190 1295 2276; baseline 0.006 -24"><span class='ocrx_word' id='word_1_143' title='bbox 223 2190 289 2253; x_wconf 93' lang='lat' dir='ltr'><strong>Non</strong></span> <span class='ocrx_word' id='word_1_144' title='bbox 302 2209 424 2273; x_wconf 91' lang='lat' dir='ltr'><strong>possum</strong></span> <span class='ocrx_word' id='word_1_145' title='bbox 437 2190 504 2256; x_wconf 92' lang='lat' dir='ltr'><strong>illas</strong></span> <span class='ocrx_word' id='word_1_146' title='bbox 516 2212 658 2276; x_wconf 88' lang='lat' dir='ltr'><strong>personas</strong></span> <span class='ocrx_word' id='word_1_147' title='bbox 669 2212 730 2256; x_wconf 93' lang='lat' dir='ltr'><strong>non</strong></span> <span class='ocrx_word' id='word_1_148' title='bbox 744 2191 859 2257; x_wconf 88' lang='lat' dir='ltr'><strong>mirari.</strong></span> <span class='ocrx_word' id='word_1_149' title='bbox 873 2193 1039 2258; x_wconf 90' lang='lat' dir='ltr'><strong>lnsolenter</strong></span> <span class='ocrx_word' id='word_1_150' title='bbox 1050 2192 1082 2256; x_wconf 91' lang='lat' dir='ltr'><strong>in</strong></span> <span class='ocrx_word' id='word_1_151' title='bbox 1096 2193 1295 2258; x_wconf 87' lang='lat' dir='ltr'><strong>eiscommis-</strong></span> 
     </span>
     <span class='ocr_line' id='line_1_18' title="bbox 170 2278 1297 2387; baseline 0.01 -29"><span class='ocrx_word' id='word_1_152' title='bbox 170 2278 174 2285; x_wconf 59' lang='grc'><strong>’</strong></span> <span class='ocrx_word' id='word_1_153' title='bbox 222 2306 326 2362; x_wconf 89' lang='lat' dir='ltr'><strong>centur</strong></span> <span class='ocrx_word' id='word_1_154' title='bbox 349 2318 453 2364; x_wconf 90' lang='lat' dir='ltr'><strong>sensus</strong></span> <span class='ocrx_word' id='word_1_155' title='bbox 475 2301 525 2383; x_wconf 93' lang='lat' dir='ltr'><strong>qui</strong></span> <span class='ocrx_word' id='word_1_156' title='bbox 548 2301 696 2385; x_wconf 85' lang='lat' dir='ltr'><strong>originem</strong></span> <span class='ocrx_word' id='word_1_157' title='bbox 712 2301 819 2366; x_wconf 91' lang='lat' dir='ltr'><strong>decent</strong></span> <span class='ocrx_word' id='word_1_158' title='bbox 832 2301 942 2385; x_wconf 89' lang='lat' dir='ltr'><strong>quique</strong></span> <span class='ocrx_word' id='word_1_159' title='bbox 962 2321 999 2366; x_wconf 82' lang='lat' dir='ltr'><strong>ex</strong></span> <span class='ocrx_word' id='word_1_160' title='bbox 1017 2301 1204 2367; x_wconf 88' lang='lat' dir='ltr'><strong>institutione</strong></span> <span class='ocrx_word' id='word_1_161' title='bbox 1216 2302 1297 2387; x_wconf 85' lang='lat' dir='ltr'><strong>apud</strong></span> 
     </span>
     <span class='ocr_line' id='line_1_19' title="bbox 225 2405 1295 2495; baseline 0.007 -27"><span class='ocrx_word' id='word_1_162' title='bbox 225 2405 362 2471; x_wconf 91' lang='lat' dir='ltr'><strong>lenonem</strong></span> <span class='ocrx_word' id='word_1_163' title='bbox 389 2408 535 2482; x_wconf 88' lang='lat' dir='ltr'><strong>oriuntur.</strong></span> <span class='ocrx_word' id='word_1_164' title='bbox 564 2411 667 2477; x_wconf 89' lang='lat' dir='ltr'><strong>Primo</strong></span> <span class='ocrx_word' id='word_1_165' title='bbox 689 2419 808 2494; x_wconf 88' lang='lat' dir='ltr'><strong>aspectu</strong></span> <span class='ocrx_word' id='word_1_166' title='bbox 832 2410 882 2474; x_wconf 90' lang='lat' dir='ltr'><strong>hic</strong></span> <span class='ocrx_word' id='word_1_167' title='bbox 906 2420 1024 2495; x_wconf 88' lang='lat' dir='ltr'><strong>poetam</strong></span> <span class='ocrx_word' id='word_1_168' title='bbox 1045 2411 1101 2476; x_wconf 87' lang='lat' dir='ltr'><strong>sihi</strong></span> <span class='ocrx_word' id='word_1_169' title='bbox 1125 2410 1295 2476; x_wconf 85' lang='lat' dir='ltr'><strong>discordare</strong></span> 
     </span>
    </p>
   </div>
   <div class='ocr_carea' id='block_1_5' title="bbox 221 2513 1404 2605">
    <p class='ocr_par' dir='ltr' id='par_1_7' title="bbox 221 2513 1404 2605">
     <span class='ocr_line' id='line_1_20' title="bbox 221 2513 1404 2605; baseline 0.01 -28"><span class='ocrx_word' id='word_1_170' title='bbox 221 2513 346 2593; x_wconf 87' lang='lat' dir='ltr'><strong>credas,</strong></span> <span class='ocrx_word' id='word_1_171' title='bbox 382 2524 414 2580; x_wconf 92' lang='lat' dir='ltr'><strong>ut</strong></span> <span class='ocrx_word' id='word_1_172' title='bbox 431 2516 458 2581; x_wconf 91' lang='lat' dir='ltr'><strong>ei</strong></span> <span class='ocrx_word' id='word_1_173' title='bbox 477 2538 555 2603; x_wconf 88' lang='lat' dir='ltr'><strong>saepe</strong></span> <span class='ocrx_word' id='word_1_174' title='bbox 578 2521 790 2605; x_wconf 88' lang='lat' dir='ltr'><strong>exprobratum</strong></span> <span class='ocrx_word' id='word_1_175' title='bbox 810 2528 866 2585; x_wconf 90' lang='lat' dir='ltr'><strong>est.</strong></span> <span class='ocrx_word' id='word_1_176' title='bbox 897 2518 1045 2603; x_wconf 83' lang='lat' dir='ltr'><strong>Equidem</strong></span> <span class='ocrx_word' id='word_1_177' title='bbox 1065 2540 1134 2586; x_wconf 90' lang='lat' dir='ltr'><strong>vero</strong></span> <span class='ocrx_word' id='word_1_178' title='bbox 1159 2540 1220 2584; x_wconf 94' lang='lat' dir='ltr'><strong>non</strong></span> <span class='ocrx_word' id='word_1_179' title='bbox 1241 2520 1296 2588; x_wconf 82' lang='lat' dir='ltr'><strong>tali</strong></span> <span class='ocrx_word' id='word_1_180' title='bbox 1400 2520 1404 2527; x_wconf 50' lang='lat'><strong><em>⁴</em></strong></span> 
     </span>
    </p>
   </div>
   <div class='ocr_carea' id='block_1_6' title="bbox 211 2623 1294 4120">
    <p class='ocr_par' dir='ltr' id='par_1_8' title="bbox 211 2623 1294 4120">
     <span class='ocr_line' id='line_1_21' title="bbox 220 2623 1293 2713; baseline 0.007 -28"><span class='ocrx_word' id='word_1_181' title='bbox 220 2623 353 2705; x_wconf 91' lang='lat' dir='ltr'><strong>opinioni</strong></span> <span class='ocrx_word' id='word_1_182' title='bbox 375 2625 531 2691; x_wconf 87' lang='lat' dir='ltr'><strong>assentior.</strong></span> <span class='ocrx_word' id='word_1_183' title='bbox 556 2628 633 2693; x_wconf 89' lang='lat' dir='ltr'><strong>Malo</strong></span> <span class='ocrx_word' id='word_1_184' title='bbox 657 2647 778 2693; x_wconf 89' lang='lat' dir='ltr'><strong>censere</strong></span> <span class='ocrx_word' id='word_1_185' title='bbox 798 2647 877 2706; x_wconf 89' lang='lat' dir='ltr'><strong>eam,</strong></span> <span class='ocrx_word' id='word_1_186' title='bbox 892 2647 959 2713; x_wconf 72' lang='lat' dir='ltr'><strong>quae</strong></span> <span class='ocrx_word' id='word_1_187' title='bbox 972 2628 1098 2707; x_wconf 90' lang='lat' dir='ltr'><strong>videtur,</strong></span> <span class='ocrx_word' id='word_1_188' title='bbox 1120 2647 1293 2713; x_wconf 83' lang='lat' dir='ltr'><strong>repugnan-</strong></span> 
     </span>
     <span class='ocr_line' id='line_1_22' title="bbox 219 2731 1293 2819; baseline 0.007 -25"><span class='ocrx_word' id='word_1_189' title='bbox 219 2732 292 2796; x_wconf 91' lang='lat' dir='ltr'><strong>tiam</strong></span> <span class='ocrx_word' id='word_1_190' title='bbox 305 2752 342 2796; x_wconf 82' lang='lat' dir='ltr'><strong>ex</strong></span> <span class='ocrx_word' id='word_1_191' title='bbox 363 2731 436 2816; x_wconf 91' lang='lat' dir='ltr'><strong>ipsis</strong></span> <span class='ocrx_word' id='word_1_192' title='bbox 460 2735 603 2819; x_wconf 89' lang='lat' dir='ltr'><strong>temporis</strong></span> <span class='ocrx_word' id='word_1_193' title='bbox 625 2735 745 2800; x_wconf 88' lang='lat' dir='ltr'><strong>vivendi</strong></span> <span class='ocrx_word' id='word_1_194' title='bbox 768 2736 989 2801; x_wconf 88' lang='lat' dir='ltr'><strong>conditionibus</strong></span> <span class='ocrx_word' id='word_1_195' title='bbox 1010 2735 1145 2801; x_wconf 76' lang='lat' dir='ltr'><strong>nascid</strong></span> <span class='ocrx_word' id='word_1_196' title='bbox 1166 2735 1293 2814; x_wconf 91' lang='lat' dir='ltr'><strong>nutrice,</strong></span> 
     </span>
     <span class='ocr_line' id='line_1_23' title="bbox 219 2838 1293 2926; baseline 0.006 -25"><span class='ocrx_word' id='word_1_197' title='bbox 219 2858 278 2903; x_wconf 88' lang='lat' dir='ltr'><strong>anu</strong></span> <span class='ocrx_word' id='word_1_198' title='bbox 290 2838 488 2920; x_wconf 87' lang='lat' dir='ltr'><strong>Giddencme‚</strong></span> <span class='ocrx_word' id='word_1_199' title='bbox 502 2842 644 2910; x_wconf 86' lang='lat' dir='ltr'><strong>educatae.</strong></span> <span class='ocrx_word' id='word_1_200' title='bbox 659 2861 725 2926; x_wconf 83' lang='lat' dir='ltr'><strong>quae</strong></span> <span class='ocrx_word' id='word_1_201' title='bbox 737 2862 805 2907; x_wconf 90' lang='lat' dir='ltr'><strong>curn</strong></span> <span class='ocrx_word' id='word_1_202' title='bbox 819 2842 863 2907; x_wconf 89' lang='lat' dir='ltr'><strong>eis</strong></span> <span class='ocrx_word' id='word_1_203' title='bbox 885 2842 1031 2925; x_wconf 88' lang='lat' dir='ltr'><strong>plurimos</strong></span> <span class='ocrx_word' id='word_1_204' title='bbox 1053 2842 1159 2909; x_wconf 85' lang='lat' dir='ltr'><strong>habuit</strong></span> <span class='ocrx_word' id='word_1_205' title='bbox 1170 2842 1208 2906; x_wconf 91' lang='lat' dir='ltr'><strong>de</strong></span> <span class='ocrx_word' id='word_1_206' title='bbox 1230 2844 1293 2926; x_wconf 95' lang='lat' dir='ltr'><strong>pri-</strong></span> 
     </span>
     <span class='ocr_line' id='line_1_24' title="bbox 216 2948 1293 3035; baseline 0.005 -24"><span class='ocrx_word' id='word_1_207' title='bbox 216 2948 295 3013; x_wconf 90' lang='lat' dir='ltr'><strong>stina</strong></span> <span class='ocrx_word' id='word_1_208' title='bbox 308 2959 386 3016; x_wconf 90' lang='lat' dir='ltr'><strong>sorte</strong></span> <span class='ocrx_word' id='word_1_209' title='bbox 407 2969 571 3030; x_wconf 88' lang='lat' dir='ltr'><strong>sermones,</strong></span> <span class='ocrx_word' id='word_1_210' title='bbox 585 2960 686 3017; x_wconf 88' lang='lat' dir='ltr'><strong>mente</strong></span> <span class='ocrx_word' id='word_1_211' title='bbox 705 2950 905 3035; x_wconf 91' lang='lat' dir='ltr'><strong>percipientes</strong></span> <span class='ocrx_word' id='word_1_212' title='bbox 916 2950 947 3014; x_wconf 93' lang='lat' dir='ltr'><strong>in</strong></span> <span class='ocrx_word' id='word_1_213' title='bbox 960 2970 1050 3035; x_wconf 89' lang='lat' dir='ltr'><strong>quarn</strong></span> <span class='ocrx_word' id='word_1_214' title='bbox 1074 2949 1200 3034; x_wconf 83' lang='lat' dir='ltr'><strong>indigno</strong></span> <span class='ocrx_word' id='word_1_215' title='bbox 1213 2959 1293 3017; x_wconf 89' lang='lat' dir='ltr'><strong>statu</strong></span> 
     </span>
     <span class='ocr_line' id='line_1_25' title="bbox 219 3058 1294 3145; baseline 0.008 -28"><span class='ocrx_word' id='word_1_216' title='bbox 219 3068 382 3137; x_wconf 85' lang='lat' dir='ltr'><strong>versentur,</strong></span> <span class='ocrx_word' id='word_1_217' title='bbox 396 3078 460 3125; x_wconf 90' lang='lat' dir='ltr'><strong>rem</strong></span> <span class='ocrx_word' id='word_1_218' title='bbox 473 3068 575 3125; x_wconf 90' lang='lat' dir='ltr'><strong>tamen</strong></span> <span class='ocrx_word' id='word_1_219' title='bbox 587 3059 734 3145; x_wconf 89' lang='lat' dir='ltr'><strong>patienter</strong></span> <span class='ocrx_word' id='word_1_220' title='bbox 747 3058 858 3137; x_wconf 90' lang='lat' dir='ltr'><strong>ferunt,</strong></span> <span class='ocrx_word' id='word_1_221' title='bbox 871 3066 1026 3143; x_wconf 89' lang='lat' dir='ltr'><strong>artemque</strong></span> <span class='ocrx_word' id='word_1_222' title='bbox 1040 3078 1101 3124; x_wconf 93' lang='lat' dir='ltr'><strong>non</strong></span> <span class='ocrx_word' id='word_1_223' title='bbox 1113 3058 1294 3136; x_wconf 79' lang='lat' dir='ltr'><strong>detrectant,</strong></span> 
     </span>
     <span class='ocr_line' id='line_1_26' title="bbox 217 3166 1291 3252; baseline 0 -22"><span class='ocrx_word' id='word_1_224' title='bbox 217 3185 270 3249; x_wconf 93' lang='lat' dir='ltr'><strong>per</strong></span> <span class='ocrx_word' id='word_1_225' title='bbox 282 3187 372 3252; x_wconf 91' lang='lat' dir='ltr'><strong>quarn</strong></span> <span class='ocrx_word' id='word_1_226' title='bbox 382 3167 494 3232; x_wconf 89' lang='lat' dir='ltr'><strong>victum</strong></span> <span class='ocrx_word' id='word_1_227' title='bbox 507 3176 657 3251; x_wconf 77' lang='lat' dir='ltr'><strong>quaerant,</strong></span> <span class='ocrx_word' id='word_1_228' title='bbox 684 3167 898 3252; x_wconf 86' lang='lat' dir='ltr'><strong>servitiumque</strong></span> <span class='ocrx_word' id='word_1_229' title='bbox 915 3168 1032 3234; x_wconf 88' lang='lat' dir='ltr'><strong>lenonis</strong></span> <span class='ocrx_word' id='word_1_230' title='bbox 1047 3167 1132 3252; x_wconf 91' lang='lat' dir='ltr'><strong>cujus</strong></span> <span class='ocrx_word' id='word_1_231' title='bbox 1149 3166 1181 3231; x_wconf 94' lang='lat' dir='ltr'><strong>in</strong></span> <span class='ocrx_word' id='word_1_232' title='bbox 1204 3185 1291 3230; x_wconf 89' lang='lat' dir='ltr'><strong>man-</strong></span> 
     </span>
     <span class='ocr_line' id='line_1_27' title="bbox 215 3274 1290 3360; baseline 0 -21"><span class='ocrx_word' id='word_1_233' title='bbox 215 3275 392 3359; x_wconf 88' lang='lat' dir='ltr'><strong>cipatutum</strong></span> <span class='ocrx_word' id='word_1_234' title='bbox 414 3286 485 3342; x_wconf 92' lang='lat' dir='ltr'><strong>sunt</strong></span> <span class='ocrx_word' id='word_1_235' title='bbox 497 3276 679 3360; x_wconf 80' lang='lat' dir='ltr'><strong>effugiant.²</strong></span> <span class='ocrx_word' id='word_1_236' title='bbox 701 3279 740 3342; x_wconf 86' lang='lat' dir='ltr'><strong>At</strong></span> <span class='ocrx_word' id='word_1_237' title='bbox 759 3277 931 3342; x_wconf 81' lang='lat' dir='ltr'><strong>inveniendi</strong></span> <span class='ocrx_word' id='word_1_238' title='bbox 953 3286 1023 3343; x_wconf 93' lang='lat' dir='ltr'><strong>sunt</strong></span> <span class='ocrx_word' id='word_1_239' title='bbox 1044 3285 1192 3342; x_wconf 88' lang='lat' dir='ltr'><strong>amatores</strong></span> <span class='ocrx_word' id='word_1_240' title='bbox 1210 3274 1290 3340; x_wconf 86' lang='lat' dir='ltr'><strong>diri-</strong></span> 
     </span>
     <span class='ocr_line' id='line_1_28' title="bbox 215 3385 1291 3473; baseline 0 -23"><span class='ocrx_word' id='word_1_241' title='bbox 215 3394 261 3450; x_wconf 92' lang='lat' dir='ltr'><strong>tes</strong></span> <span class='ocrx_word' id='word_1_242' title='bbox 281 3396 311 3452; x_wconf 93' lang='lat' dir='ltr'><strong>et</strong></span> <span class='ocrx_word' id='word_1_243' title='bbox 331 3388 418 3473; x_wconf 85' lang='lat' dir='ltr'><strong>largi,</strong></span> <span class='ocrx_word' id='word_1_244' title='bbox 434 3386 570 3471; x_wconf 89' lang='lat' dir='ltr'><strong>aquibus</strong></span> <span class='ocrx_word' id='word_1_245' title='bbox 582 3386 719 3455; x_wconf 88' lang='lat' dir='ltr'><strong>libertate</strong></span> <span class='ocrx_word' id='word_1_246' title='bbox 741 3387 902 3465; x_wconf 92' lang='lat' dir='ltr'><strong>donentur,</strong></span> <span class='ocrx_word' id='word_1_247' title='bbox 917 3405 1103 3471; x_wconf 87' lang='lat' dir='ltr'><strong>quarumque</strong></span> <span class='ocrx_word' id='word_1_248' title='bbox 1125 3385 1240 3451; x_wconf 86' lang='lat' dir='ltr'><strong>libertae</strong></span> <span class='ocrx_word' id='word_1_249' title='bbox 1260 3397 1291 3450; x_wconf 90' lang='lat' dir='ltr'><strong>et</strong></span> 
     </span>
     <span class='ocr_line' id='line_1_29' title="bbox 215 3493 1290 3583; baseline 0.003 -25"><span class='ocrx_word' id='word_1_250' title='bbox 215 3515 288 3561; x_wconf 93' lang='lat' dir='ltr'><strong>sane</strong></span> <span class='ocrx_word' id='word_1_251' title='bbox 298 3495 470 3561; x_wconf 75' lang='lat' dir='ltr'><strong>concubine</strong></span> <span class='ocrx_word' id='word_1_252' title='bbox 483 3494 577 3573; x_wconf 86' lang='lat' dir='ltr'><strong>fiant,</strong></span> <span class='ocrx_word' id='word_1_253' title='bbox 605 3514 708 3560; x_wconf 87' lang='lat' dir='ltr'><strong>rerum</strong></span> <span class='ocrx_word' id='word_1_254' title='bbox 720 3515 789 3560; x_wconf 89' lang='lat' dir='ltr'><strong>cum</strong></span> <span class='ocrx_word' id='word_1_255' title='bbox 800 3494 853 3559; x_wconf 91' lang='lat' dir='ltr'><strong>illo</strong></span> <span class='ocrx_word' id='word_1_256' title='bbox 865 3493 984 3559; x_wconf 87' lang='lat' dir='ltr'><strong>vivendi</strong></span> <span class='ocrx_word' id='word_1_257' title='bbox 996 3494 1140 3573; x_wconf 88' lang='lat' dir='ltr'><strong>arbitrio,</strong></span> <span class='ocrx_word' id='word_1_258' title='bbox 1163 3494 1290 3583; x_wconf 85' lang='lat' dir='ltr'><strong>illojure</strong></span> 
     </span>
     <span class='ocr_line' id='line_1_30' title="bbox 214 3592 1287 3688; baseline 0.003 -22"><span class='ocrx_word' id='word_1_259' title='bbox 214 3601 295 3684; x_wconf 93' lang='lat' dir='ltr'><strong>quod</strong></span> <span class='ocrx_word' id='word_1_260' title='bbox 316 3601 393 3667; x_wconf 92' lang='lat' dir='ltr'><strong>inid</strong></span> <span class='ocrx_word' id='word_1_261' title='bbox 416 3621 526 3666; x_wconf 90' lang='lat' dir='ltr'><strong>nomen</strong></span> <span class='ocrx_word' id='word_1_262' title='bbox 538 3602 627 3667; x_wconf 88' lang='lat' dir='ltr'><strong>cadit.</strong></span> <span class='ocrx_word' id='word_1_263' title='bbox 643 3602 799 3688; x_wconf 85' lang='lat' dir='ltr'><strong>Ejusmodi</strong></span> <span class='ocrx_word' id='word_1_264' title='bbox 812 3592 996 3681; x_wconf 80' lang='lat' dir='ltr'><strong>meretrices,</strong></span> <span class='ocrx_word' id='word_1_265' title='bbox 1009 3601 1117 3687; x_wconf 89' lang='lat' dir='ltr'><strong>quibus</strong></span> <span class='ocrx_word' id='word_1_266' title='bbox 1130 3611 1176 3668; x_wconf 92' lang='lat' dir='ltr'><strong>est</strong></span> <span class='ocrx_word' id='word_1_267' title='bbox 1198 3603 1287 3669; x_wconf 89' lang='lat' dir='ltr'><strong>simul</strong></span> 
     </span>
     <span class='ocr_line' id='line_1_31' title="bbox 213 3692 1288 3795; baseline 0.003 -22"><span class='ocrx_word' id='word_1_268' title='bbox 213 3707 393 3791; x_wconf 71' lang='lat' dir='ltr'><strong>conuenae</strong></span> <span class='ocrx_word' id='word_1_269' title='bbox 406 3709 561 3795; x_wconf 67' lang='lat' dir='ltr'><strong>pressans</strong></span> <span class='ocrx_word' id='word_1_270' title='bbox 584 3692 900 3780; x_wconf 56' lang='lat' dir='ltr'><strong>consuescendum</strong></span> <span class='ocrx_word' id='word_1_271' title='bbox 914 3710 1070 3789; x_wconf 75' lang='lat' dir='ltr'><strong>nemun,</strong></span> <span class='ocrx_word' id='word_1_272' title='bbox 1085 3710 1194 3795; x_wconf 76' lang='lat' dir='ltr'><strong>cuprea</strong></span> <span class='ocrx_word' id='word_1_273' title='bbox 1208 3711 1288 3777; x_wconf 71' lang='lat' dir='ltr'><strong>trtius</strong></span> 
     </span>
     <span class='ocr_line' id='line_1_32' title="bbox 213 3816 1288 3902; baseline 0 -21"><span class='ocrx_word' id='word_1_274' title='bbox 213 3816 312 3902; x_wconf 92' lang='lat' dir='ltr'><strong>aliqua</strong></span> <span class='ocrx_word' id='word_1_275' title='bbox 324 3817 439 3884; x_wconf 88' lang='lat' dir='ltr'><strong>ratione</strong></span> <span class='ocrx_word' id='word_1_276' title='bbox 450 3839 553 3883; x_wconf 91' lang='lat' dir='ltr'><strong>rursus</strong></span> <span class='ocrx_word' id='word_1_277' title='bbox 575 3816 765 3897; x_wconf 89' lang='lat' dir='ltr'><strong>obtinendae,</strong></span> <span class='ocrx_word' id='word_1_278' title='bbox 783 3826 886 3902; x_wconf 89' lang='lat' dir='ltr'><strong>postea</strong></span> <span class='ocrx_word' id='word_1_279' title='bbox 898 3818 1022 3883; x_wconf 85' lang='lat' dir='ltr'><strong>eradent</strong></span> <span class='ocrx_word' id='word_1_280' title='bbox 1034 3838 1078 3883; x_wconf 89' lang='lat' dir='ltr'><strong>eae</strong></span> <span class='ocrx_word' id='word_1_281' title='bbox 1091 3837 1164 3902; x_wconf 89' lang='lat' dir='ltr'><strong>quas</strong></span> <span class='ocrx_word' id='word_1_282' title='bbox 1177 3820 1288 3883; x_wconf 84' lang='lat' dir='ltr'><strong>Teren-</strong></span> 
     </span>
     <span class='ocr_line' id='line_1_33' title="bbox 211 3924 1286 4014; baseline 0.002 -26"><span class='ocrx_word' id='word_1_283' title='bbox 211 3924 288 3990; x_wconf 91' lang='lat' dir='ltr'><strong>tium</strong></span> <span class='ocrx_word' id='word_1_284' title='bbox 309 3926 472 4011; x_wconf 90' lang='lat' dir='ltr'><strong>producere</strong></span> <span class='ocrx_word' id='word_1_285' title='bbox 481 3928 577 4014; x_wconf 84' lang='lat' dir='ltr'><strong>jurat,</strong></span> <span class='ocrx_word' id='word_1_286' title='bbox 592 3924 720 3990; x_wconf 92' lang='lat' dir='ltr'><strong>Thaides</strong></span> <span class='ocrx_word' id='word_1_287' title='bbox 745 3924 873 4006; x_wconf 86' lang='lat' dir='ltr'><strong>scilicet,</strong></span> <span class='ocrx_word' id='word_1_288' title='bbox 887 3926 1059 4003; x_wconf 82' lang='lat' dir='ltr'><strong>Bacchides,</strong></span> <span class='ocrx_word' id='word_1_289' title='bbox 1073 3925 1214 3990; x_wconf 88' lang='lat' dir='ltr'><strong>mulieres</strong></span> <span class='ocrx_word' id='word_1_290' title='bbox 1238 3947 1286 3990; x_wconf 88' lang='lat' dir='ltr'><strong>sa-</strong></span> 
     </span>
     <span class='ocr_line' id='line_1_34' title="bbox 211 4033 1286 4120; baseline 0 -22"><span class='ocrx_word' id='word_1_291' title='bbox 211 4033 337 4117; x_wconf 87' lang='lat' dir='ltr'><strong>pientes,</strong></span> <span class='ocrx_word' id='word_1_292' title='bbox 353 4035 515 4114; x_wconf 87' lang='lat' dir='ltr'><strong>benevolae,</strong></span> <span class='ocrx_word' id='word_1_293' title='bbox 528 4054 653 4120; x_wconf 75' lang='lat' dir='ltr'><strong>quaeque</strong></span> <span class='ocrx_word' id='word_1_294' title='bbox 668 4043 783 4100; x_wconf 91' lang='lat' dir='ltr'><strong>tantum</strong></span> <span class='ocrx_word' id='word_1_295' title='bbox 804 4034 917 4100; x_wconf 89' lang='lat' dir='ltr'><strong>distant</strong></span> <span class='ocrx_word' id='word_1_296' title='bbox 940 4037 977 4101; x_wconf 89' lang='lat' dir='ltr'><strong>ab</strong></span> <span class='ocrx_word' id='word_1_297' title='bbox 1000 4034 1066 4099; x_wconf 91' lang='lat' dir='ltr'><strong>istis</strong></span> <span class='ocrx_word' id='word_1_298' title='bbox 1089 4033 1197 4097; x_wconf 89' lang='lat' dir='ltr'><strong>belluis</strong></span> <span class='ocrx_word' id='word_1_299' title='bbox 1211 4052 1286 4116; x_wconf 92' lang='lat' dir='ltr'><strong>quas</strong></span> 
     </span>
    </p>
   </div>
   <div class='ocr_carea' id='block_1_7' title="bbox 209 4264 1286 4409">
    <p class='ocr_par' dir='ltr' id='par_1_9' title="bbox 209 4264 1286 4409">
     <span class='ocr_line' id='line_1_35' title="bbox 242 4264 1286 4333; baseline -0.008 -14"><span class='ocrx_word' id='word_1_300' title='bbox 242 4270 250 4303; x_wconf 86' lang='lat'>¹</span> <span class='ocrx_word' id='word_1_301' title='bbox 267 4269 353 4319; x_wconf 75' lang='lat' dir='ltr'><strong>Corin.</strong></span> <span class='ocrx_word' id='word_1_302' title='bbox 372 4268 434 4331; x_wconf 90' lang='lat' dir='ltr'><strong>prol.</strong></span> <span class='ocrx_word' id='word_1_303' title='bbox 454 4271 493 4316; x_wconf 81' lang='lat'><strong>81.</strong></span> <span class='ocrx_word' id='word_1_304' title='bbox 508 4296 538 4303; x_wconf 94' lang='lat'>-</span> <span class='ocrx_word' id='word_1_305' title='bbox 554 4268 636 4317; x_wconf 81' lang='lat' dir='ltr'><strong>²Vido</strong></span> <span class='ocrx_word' id='word_1_306' title='bbox 656 4284 728 4333; x_wconf 90' lang='lat' dir='ltr'><strong>quarn</strong></span> <span class='ocrx_word' id='word_1_307' title='bbox 746 4269 857 4332; x_wconf 85' lang='lat' dir='ltr'><strong>superbae</strong></span> <span class='ocrx_word' id='word_1_308' title='bbox 874 4269 936 4325; x_wconf 89' lang='lat' dir='ltr'><strong>sint,</strong></span> <span class='ocrx_word' id='word_1_309' title='bbox 952 4280 1073 4329; x_wconf 88' lang='lat' dir='ltr'><strong>quamque</strong></span> <span class='ocrx_word' id='word_1_310' title='bbox 1088 4264 1177 4328; x_wconf 80' lang='lat' dir='ltr'><strong>gradus</strong></span> <span class='ocrx_word' id='word_1_311' title='bbox 1193 4264 1286 4317; x_wconf 90' lang='lat' dir='ltr'><strong>ordinis</strong></span> 
     </span>
     <span class='ocr_line' id='line_1_36' title="bbox 209 4348 1002 4409; baseline -0.005 -12"><span class='ocrx_word' id='word_1_312' title='bbox 209 4350 273 4403; x_wconf 87' lang='lat' dir='ltr'><strong>inter</strong></span> <span class='ocrx_word' id='word_1_313' title='bbox 283 4349 419 4399; x_wconf 86' lang='lat' dir='ltr'><strong>meretrices</strong></span> <span class='ocrx_word' id='word_1_314' title='bbox 429 4348 540 4397; x_wconf 87' lang='lat' dir='ltr'><strong>servandi</strong></span> <span class='ocrx_word' id='word_1_315' title='bbox 551 4348 675 4399; x_wconf 77' lang='lat' dir='ltr'><strong>studiosae.</strong></span> <span class='ocrx_word' id='word_1_316' title='bbox 688 4350 785 4401; x_wconf 82' lang='lat' dir='ltr'><strong>Poenut.</strong></span> <span class='ocrx_word' id='word_1_317' title='bbox 800 4349 821 4407; x_wconf 93' lang='lat' dir='ltr'><strong>l,</strong></span> <span class='ocrx_word' id='word_1_318' title='bbox 834 4354 859 4406; x_wconf 65' lang='grc' dir='ltr'><strong>Ξ,</strong></span> <span class='ocrx_word' id='word_1_319' title='bbox 871 4352 902 4396; x_wconf 77' lang='grc'><strong>53</strong></span> <span class='ocrx_word' id='word_1_320' title='bbox 915 4354 938 4395; x_wconf 88' lang='lat' dir='ltr'><strong>et</strong></span> <span class='ocrx_word' id='word_1_321' title='bbox 950 4359 1002 4409; x_wconf 89' lang='lat' dir='ltr'><strong>sqq.</strong></span> 
     </span>
    </p>
   </div>
   <div class='ocr_carea' id='block_1_8' title="bbox 0 0 1630 5050">
    <p class='ocr_par' dir='ltr' id='par_1_10' title="bbox 0 0 1630 5050">
     <span class='ocr_line' id='line_1_37' title="bbox 0 0 1630 5050; baseline 0 8"><span class='ocrx_word' id='word_1_322' title='bbox 0 0 1630 5050; x_wconf 95' lang='lat' dir='ltr'><strong> </strong></span> 
     </span>
    </p>
   </div>
  </div>
 </body>
</html>
