3250 5050
770 408 953 476 „254

321 537 476 624 proclives.
492 542 555 607 Illis
563 545 684 628 crapula
695 547 758 611 sola
770 547 906 634 voluptas
917 560 973 615 est.
990 551 1103 618 Audias
1115 556 1288 639 loquentem
1302 560 1402 626 lenam
1455 545 1466 560 ⁵

326 648 355 714 in
373 650 562 716 Cistellaria:

447 835 513 884 Raro
527 835 630 885 nimium
643 837 715 889 dabat
724 840 791 903 quod
802 841 927 902 biberem3
943 851 1015 906 atque
1026 844 1050 893 id
1063 860 1157 895 merum

446 915 613 995 luluscalaat1.

772 999 809 1047 Me
821 1001 940 1063 complevi
950 1001 1010 1052 flore
1027 1004 1108 1055 Liberi
1116 1007 1140 1052 ².

319 1177 418 1254 Quam
438 1178 646 1243 verecundiam
666 1180 697 1244 in
719 1181 830 1247 talibus
845 1182 1003 1248 invenias?
1015 1184 1158 1250 Cleareta
1177 1186 1400 1274 miseroArgy-

317 1282 414 1368 rippo,
425 1284 497 1370 quid
511 1285 568 1351 sihi
577 1289 924 1373 proponatimpudenter
933 1292 1039 1376 aperit.
1052 1296 1174 1377 Ingrata
1186 1305 1232 1360 cst
1245 1316 1283 1360 ex
1294 1295 1401 1362 indus-

319 1389 393 1471 tria3
406 1403 492 1478 pacta
504 1394 629 1460 exsolvit
647 1416 653 1457 :
885 1478 887 1482 ,
1187 1413 1190 1418 ·

444 1583 491 1631 Par
505 1584 557 1645 pari
567 1583 651 1633 datum
664 1585 840 1634 hostimentum
858 1595 894 1634 est
904 1587 924 1632 ³.

318 1760 403 1826 Fidei
417 1760 574 1840 satisfecit,
588 1763 668 1847 frugi
682 1771 727 1827 est
744 1783 798 1828 suo
810 1763 911 1853 modo.
929 1763 1009 1842 Quid
1024 1765 1107 1830 enirn
1118 1766 1194 1830 lenm
1207 1775 1321 1833 amator
1332 1765 1401 1831 est‘?

321 1893 337 1930 a
363 1868 474 1950 Piscis,
492 1871 542 1955 qui
558 1873 728 1957 nequam’st
749 1873 807 1939 nisi
826 1895 941 1940 recens.
972 1900 986 1935 n
1015 1877 1087 1940 lure
1106 1897 1160 1956 suo
1182 1873 1288 1955 utitur,
1306 1895 1398 1963 quum

318 1979 440 2046 utilitati
455 2002 517 2048 suae
531 1982 665 2047 inservit.
684 1984 832 2050 Audacter
845 2005 986 2050 arcanum
999 1986 1115 2052 artificii
1128 1987 1259 2053 declarat
1274 2011 1281 2050 :

420 2173 422 2178 '
446 2200 491 2213 .....
505 2167 548 2215 Hic
561 2175 643 2217 noster
655 2176 762 2230 quaestus
773 2169 870 2232 aucupii
883 2169 1040 2219 simillimu'st
1049 2171 1069 2216 ⁴.

319 2337 351 2394 et
363 2329 488 2414 reliqua.

362 2438 526 2522 Flagitium
538 2449 660 2525 apparet
673 2493 680 2518 ‚
695 2460 786 2527 quam
802 2441 1040 2523 invisissimum‚
1056 2443 1282 2530 turpissimum,
1296 2444 1400 2511 delor-

317 2550 498 2630 missimum,
510 2571 565 2616 nec
576 2553 637 2617 ulla
648 2573 680 2617 re
690 2552 851 2638 corrigitur
863 2553 944 2619 illius
954 2554 1137 2620 immanitas.
1151 2556 1288 2622 Proiecto
1300 2576 1399 2622 mores

317 2661 461 2745 temporis
471 2660 502 2725 in
515 2661 572 2726 hoc
581 2662 721 2755 nonnihil
731 2662 931 2727 contulerunt.
946 2665 1088 2743 Queritur
1097 2666 1179 2730 enim
1189 2664 1220 2729 in
1233 2665 1399 2731 Cistellaria

318 2769 385 2835 lena
398 2770 477 2853 quod
490 2779 674 2835 summatum
698 2778 905 2836 matronarum
925 2772 1053 2837 fastidiis
1067 2782 1097 2837 et
1115 2773 1254 2857 cupidine
1273 2772 1399 2839 cliente-

316 2878 413 2942 larum
424 2878 565 2945 mulieres
574 2880 620 2943 sui
633 2878 747 2945 similes
759 2880 791 2943 in
804 2878 972 2965 abjectione
980 2881 1202 2947 detineanturt.
1217 2885 1283 2948 Nou
1299 2889 1399 2946 autem

316 3006 421 3053 omnes
445 3009 480 3053 eo
505 2990 659 3055 dedecoris
680 2999 709 3054 et
730 2989 907 3073 ignominiae
933 2990 1092 3070 recidunt,
1115 3000 1145 3055 et
1164 2992 1258 3076 ipsius
1285 3000 1399 3056 naturae

317 3093 481 3163 humilitati
495 3097 646 3164 tribuendi
665 3106 735 3163 sunt
747 3096 821 3163 viles
833 3098 1041 3177 adeosensus.

362 3208 477 3273 Vetulae
486 3217 555 3272 sunt
565 3211 647 3274 Lena
657 3216 687 3272 et
700 3207 860 3286 Cleaereta;
877 3227 911 3272 ea
925 3209 1056 3273 clausula
1068 3218 1114 3274 est
1123 3208 1300 3275 meretriciae
1311 3210 1392 3301 vitaej

316 3334 383 3398 quae
398 3316 571 3395 reccidere,
585 3336 678 3403 quum
690 3324 778 3381 aetate
789 3314 953 3380 llererent‘?
966 3317 1000 3381 ld
1025 3316 1129 3403 ipsum
1136 3320 1191 3384 sub
1214 3316 1280 3382 aliis
1294 3318 1395 3382 nomi-

317 3423 406 3489 nibus
420 3423 602 3508 significabit
619 3425 753 3489 Plautus.
772 3424 884 3490 Oculos
905 3434 987 3492 verte
1006 3426 1043 3490 ad
1063 3427 1262 3493 Phronesium
1283 3429 1395 3493 Trucu-

318 3532 402 3598 lenti.
421 3534 533 3620 Lepida
546 3536 721 3601 estetbene
736 3536 825 3601 culta.
847 3556 854 3596 ι
894 3553 897 3558 ·

798 3722 846 3772 Ver
860 3722 926 3780 vide,
1083 3789 1089 3799 .

445 3799 476 3848 Ut
487 3807 535 3848 tota
543 3798 626 3859 floret,
641 3808 669 3850 ut
685 3801 745 3861 olet,
758 3810 787 3851 ut
799 3802 875 3853 nitide
885 3805 946 3853 nitet
956 3804 980 3851 ⁰!

318 3984 477 4071 Ingeniosa
490 3993 536 4051 est
553 4006 559 4049 :
577 4002 668 4071 quam
682 3984 756 4053 sci'te
773 3986 856 4053 enim
868 4007 1048 4073 puerperam
1060 3987 1200 4068 simulat,
1217 3996 1247 4054 et
1267 3988 1396 4055 militem

350 4210 465 4273 1cnen.
478 4223 498 4282 1,
511 4227 535 4283 ι,
549 4226 589 4271 so.
604 4225 703 4274 -are
717 4225 739 4283 1,
748 4228 774 4283 a,
784 4223 825 4273 au
839 4252 870 4261 -
883 4225 978 4276 uun,
991 4226 1012 4285 1,
1026 4229 1051 4285 a,
1061 4228 1102 4275 so.
1112 4226 1212 4275 -ua,
1222 4226 1244 4284 1,
1256 4227 1331 4283 aaa.

351 4302 467 4354 teuton.
488 4304 517 4363 l,
543 4307 575 4363 1,
600 4308 629 4353 35
648 4312 672 4355 et
690 4320 748 4368 sqq.
769 4305 839 4355 Adde
858 4308 925 4370 quod
939 4322 1035 4371 semper
1055 4315 1125 4357 crant
1143 4308 1170 4356 in
1190 4306 1265 4357 tutele
1286 4304 1392 4353 liberte.
1463 4342 1466 4347 .

319 4378 348 4428 r.
365 4380 393 4428 n.
407 4380 518 4441 xxxix,
534 4386 572 4430 ro.
584 4384 635 4419 -0
649 4385 748 4433 rietur.
763 4384 795 4443 u,
810 4388 834 4443 a,
849 4390 873 4433 s.
