3250 5050
795 409 979 476 ...qq-

345 548 442 630 Italia,
457 569 601 635 agnosces
612 550 635 617 ¹.
655 549 755 616 Unum
769 548 910 620 addatur:
929 558 1082 616 matronas
1095 551 1342 638 meretricesques
1356 568 1425 623 om-

345 656 394 726 nis
416 668 510 732 statas
524 658 654 729 ostendit
676 661 819 738 Plautus;¹
841 668 872 724 at
886 657 1019 744 virgines
1033 678 1107 743 quas
1130 660 1248 729 induxit
1269 663 1423 730 humiliori

346 768 412 838 looo
434 776 504 837 sunt
525 777 610 836 ortae.
626 765 713 839 Nihil
735 767 832 837 inerat
855 766 962 837 comici
982 766 1147 835 conditioni
1170 769 1318 842 nobilium
1332 772 1427 858 virgi-

233 871 236 874 ’
346 897 431 957 num,
446 888 564 964 patrum
579 877 685 964 opibus
696 886 728 946 et
738 879 831 950 tutela
845 886 1057 963 protectamm,
1073 898 1129 946 nec
1138 887 1170 948 ut
1183 880 1296 949 nostris
1306 890 1426 967 tempo

346 986 431 1057 ribus
454 1004 571 1058 amores
598 1005 702 1058 earum
728 977 873 1058 dramatis
896 985 1021 1055 materia
1043 1005 1108 1054 esse
1129 996 1268 1072 poterant
1282 989 1317 1053 ².
1341 990 1426 1061 Varii

346 1115 431 1168 casus
445 1094 497 1182 qui
517 1095 710 1182 pauperiores
723 1095 887 1166 manebant
909 1095 977 1180 plus
998 1096 1173 1181 prabebant
1191 1107 1225 1161 ut
1247 1095 1425 1164 indedocu-

346 1213 483 1276 meatum
494 1203 627 1275 traheret
640 1211 727 1290 poeta
739 1211 768 1268 et
783 1220 848 1270 rem
862 1203 1056 1288 spectandam
1070 1203 1263 1290 excogitaret.

390 1317 435 1385 Ilo
446 1313 567 1384 seminis
580 1310 777 1383 servientibus
791 1333 913 1380 necesse
925 1321 972 1379 est
983 1313 1097 1397 aliquid
1117 1322 1267 1380 notemus.
1285 1313 1425 1390 Vidimus

344 1443 436 1510 qnam
441 1421 590 1494 incurioso
602 1433 653 1494 aut
666 1442 758 1509 quum
769 1421 884 1491 denter
889 1423 927 1488 ab
941 1421 1023 1488 heris
1033 1421 1191 1507 utriusque
1204 1441 1293 1488 serus
1305 1422 1424 1489 ancilla

344 1531 539 1620 habitaesint.
555 1531 749 1602 Paucissimaa
762 1541 834 1598 sunt
847 1533 996 1599 bonarum
1008 1531 1118 1597 artium
1130 1530 1258 1617 cupidae,
1270 1532 1425 1617 pauciores

343 1663 399 1729 pro
411 1662 537 1714 numero
549 1641 717 1712 fabularum
729 1660 820 1726 quam
834 1641 913 1726 apud
924 1640 1109 1706 Terentium.
1122 1641 1211 1719 Quod
1226 1641 1270 1707 eis
1279 1641 1344 1708 heri
1354 1653 1425 1714 sunt

344 1759 454 1827 truces,
467 1751 541 1822 adeo
556 1758 626 1818 sunt
636 1769 747 1836 pravae.
764 1752 909 1816 Romanae
923 1748 1086 1817 atrocitatis
1097 1748 1210 1816 tructus
1218 1749 1324 1816 estilla
1337 1751 1425 1816 stoli-

344 1859 422 1930 ditas
442 1858 583 1938 Haliscaa,
597 1858 745 1943 lenmque,
760 1877 827 1942 quaa
848 1855 882 1921 in
901 1855 1079 1927 Curculione
1092 1866 1193 1942 partes
1207 1858 1312 1938 babet,
1335 1857 1424 1924 vino-

346 1967 451 2042 lentia.
467 1968 564 2037 Credo
573 1977 676 2036 mmor
690 1966 822 2036 maxime
835 1969 1003 2034 Romanam
1014 1985 1081 2032 esse
1092 1975 1123 2032 et
1131 1965 1275 2053 pietatem
1282 1967 1423 2048 Bromiae,
1445 1968 1453 1981 '

344 2079 513 2166 Staphyla,
527 2079 612 2166 Syraa
626 2097 697 2164 erga
707 2076 856 2157 dominas,
870 2086 900 2143 et
911 2077 1185 2156 mansuetudinem,
1198 2097 1290 2163 quam
1301 2078 1423 2146 Pbano

343 2196 435 2258 strata
447 2189 480 2256 in
493 2187 646 2258 Haliscam
655 2205 718 2273 prae
731 2207 763 2254 se
775 2187 843 2267 fert,
856 2196 887 2254 at
895 2185 1037 2258 fiduciam
1050 2207 1109 2273 qua
1121 2188 1285 2255 Cleostrata
1297 2187 1422 2255 consilia

343 2321 396 2367 sua
417 2320 486 2368 cum
497 2299 667 2368 Pardalisca
681 2299 893 2369 communicat.
912 2299 1051 2378 Romani,
1064 2298 1116 2384 qui
1130 2319 1185 2385 pro
1198 2301 1288 2369 rebus
1300 2308 1419 2367 tantum

343 2430 444 2478 servos
457 2411 620 2492 habebant,
646 2410 813 2496 quibusque
836 2428 940 2477 eorum
959 2408 1019 2474 vita
1042 2409 1156 2477 nullius
1169 2409 1316 2481 momenti
1335 2408 1423 2478 ride·

341 2521 440 2601 batur,
452 2521 630 2607 plerumque
644 2518 898 2588 immanissimum
910 2519 943 2585 in
954 2519 1079 2591 modum
1091 2518 1271 2592 miserorum
1284 2519 1419 2605 corpori-

341 2630 399 2697 bus
419 2631 589 2697 utebantur.
611 2630 652 2696 At
676 2648 894 2715 nonnunquam
916 2629 1086 2695 communis
1114 2628 1183 2696 vitm
1208 2630 1418 2709 consuetudo,

340 2740 430 2813 insita
442 2739 583 2809 omnibus
597 2738 769 2810 bominibus
783 2739 942 2808 clementia
956 2740 1045 2807 beros
1058 2740 1208 2807 movebat.
1226 2740 1301 2808 Inde
1314 2760 1421 2810 nasce-

340 2852 428 2919 batur
444 2848 583 2935 qnaedam
604 2848 737 2921 amicitia
762 2846 932 2927 familiaris,
946 2857 1010 2914 tam
1034 2849 1198 2918 multarum
1212 2848 1419 2928 devotionum,
1438 2894 1441 2899 -

340 2980 415 3047 quas
428 2958 461 3025 in
481 2956 615 3029 historiis
626 2957 782 3037 miramur,
798 2978 886 3024 causa
907 2966 938 3023 et
951 2956 1188 3025 hortamentum.
1203 2957 1293 3044 Apud
1306 2962 1419 3028 Roma-

341 3090 399 3139 nos
421 3067 540 3137 servilia
561 3069 640 3137 bella
654 3057 786 3135 maxime
805 3067 933 3134 nefanda
947 3087 1086 3134 exarsere
1096 3090 1106 3147 ;Ι
1121 3066 1201 3153 apud
1226 3086 1278 3134 cos
1296 3067 1420 3153 plurimi

341 3179 419 3249 servi
430 3201 485 3267 pro
498 3178 630 3249 dominis
641 3176 734 3247 vitam
747 3177 877 3245 libenter
896 3177 1073 3246 amiserunt.
1091 3176 1190 3245 Greci
1203 3197 1305 3245 servos
1321 3176 1420 3243 lenius

340 3289 517 3367 tractabant,
533 3305 637 3359 rernm
659 3285 780 3351 assiduo
803 3286 1275 3373 contemptuprosequebantur3
1299 3306 1420 3353 causam

341 3398 548 3483 rationemque
570 3396 721 3468 servitutis
744 3395 839 3482 ipsius
867 3395 1070 3481 quaesiverunt
1094 3415 1199 3463 corum
1225 3394 1419 3483 pbilosophi;

340 3504 471 3575 deterius
480 3526 546 3574 esse
554 3526 648 3591 genus
657 3506 762 3577 eorum
771 3505 824 3591 qui
835 3504 1015 3585 serviebant,
1027 3515 1055 3572 et
1066 3504 1257 3592 intelligendi
1269 3506 1420 3586 facultate,

340 3624 372 3685 et
384 3615 468 3685 omni
488 3615 599 3685 virtute
609 3614 891 3701 pronuntiaverunt.
909 3614 1048 3692 noman,
1064 3633 1158 3699 qurum
1170 3616 1264 3703 ajuro
1278 3614 1421 3700 mancipii

341 3725 441 3794 oculos
455 3723 642 3802 avertissent,
658 3722 810 3792 molliores
826 3722 950 3802 fiebant,
964 3720 1141 3807 animosque
1153 3722 1335 3795 famulorum
1347 3740 1424 3807 qua·
1533 3801 1537 3808 ⁴

343 3833 415 3903 dam
439 3831 617 3919 aequalitatis
638 3829 737 3917 specie
760 3830 818 3899 sibi
841 3831 1052 3903 conciliabant.
1070 3831 1180 3900 Mirum
1202 3841 1250 3900 cst
1269 3831 1357 3899 illum
1378 3832 1427 3921 ip-

341 3962 409 4013 sum
420 3941 579 4020 Catonem,
594 3940 646 4027 qui
660 3950 852 4007 senescentes
867 3962 968 4008 servos
986 3941 1159 4009 vendendos
1180 3960 1247 4011 csse
1267 3942 1421 4029 precepit,

373 4141 384 4173 ¹
402 4139 531 4189 Multitudo
540 4140 587 4189 alia
596 4139 687 4189 civium
697 4152 872 4201 carrrpanorum
880 4140 1035 4189 venumdata
1046 4140 1076 4189 Τ.
1088 4140 1116 4187 L.
1129 4136 1225 4198 XXVI,
1239 4140 1282 4199 lo,
1293 4145 1317 4187 et
1326 4138 1363 4188 ld.
1376 4142 1423 4187 33:

339 4219 408 4281 Ipsos
422 4218 560 4283 liberosque
570 4232 657 4271 eorum
669 4225 694 4268 et
706 4217 822 4281 conjuges
832 4217 986 4277 vendendas,
995 4225 1063 4269 extra
1075 4218 1139 4268 filias
1153 4231 1212 4281 quae
1224 4218 1387 4281 enupsissent.

372 4299 384 4333 ²
400 4298 525 4350 Invenitur
538 4300 611 4351 modo
630 4301 655 4350 in
673 4300 783 4363 Turpilio
802 4299 879 4361 llll,
893 4298 949 4349 Otto
965 4300 1090 4365 Ribbeck)
1105 4300 1186 4363 puella
1203 4312 1258 4361 quae
1278 4298 1331 4359 ipsa
1345 4297 1376 4346 de
1394 4312 1421 4346 se

343 4384 458 4442 queratur
472 4394 478 4427 :
491 4378 581 4437 Gamo,
594 4393 660 4428 meas
672 4379 798 4438 fortunas,
811 4385 899 4426 mater.
