<?xml version="1.0" encoding="UTF-8"?>
<!DOCTYPE html PUBLIC "-//W3C//DTD XHTML 1.0 Transitional//EN"
    "http://www.w3.org/TR/xhtml1/DTD/xhtml1-transitional.dtd">
<html xmlns="http://www.w3.org/1999/xhtml" xml:lang="en" lang="en">
 <head>
  <title>
</title>
<meta http-equiv="Content-Type" content="text/html;charset=utf-8" />
  <meta name='ocr-system' content='tesseract 3.04.00' />
  <meta name='ocr-capabilities' content='ocr_page ocr_carea ocr_par ocr_line ocrx_word'/>
</head>
<body>
  <div class='ocr_page' id='page_1' title='image "./depersonismulie00benogoog_0079.png"; bbox 0 0 3250 5050; ppageno 0'>
   <div class='ocr_carea' id='block_1_1' title="bbox 658 417 842 480">
    <p class='ocr_par' dir='ltr' id='par_1_1' title="bbox 658 417 842 480">
     <span class='ocr_line' id='line_1_1' title="bbox 658 417 842 480; baseline 0 -16"><span class='ocrx_word' id='word_1_1' title='bbox 658 417 842 480; x_wconf 69' lang='grc'>,67-</span> 
     </span>
    </p>
   </div>
   <div class='ocr_carea' id='block_1_2' title="bbox 209 556 1310 2607">
    <p class='ocr_par' dir='ltr' id='par_1_2' title="bbox 211 556 1290 757">
     <span class='ocr_line' id='line_1_2' title="bbox 212 556 1290 640; baseline -0.005 -13"><span class='ocrx_word' id='word_1_2' title='bbox 212 561 317 627; x_wconf 87' lang='lat' dir='ltr'>Plauto</span> <span class='ocrx_word' id='word_1_3' title='bbox 329 559 549 637; x_wconf 81' lang='lat' dir='ltr'>desideremus3</span> <span class='ocrx_word' id='word_1_4' title='bbox 568 559 721 622; x_wconf 82' lang='lat' dir='ltr'>fatendum</span> <span class='ocrx_word' id='word_1_5' title='bbox 743 567 788 622; x_wconf 86' lang='lat' dir='ltr'>est</span> <span class='ocrx_word' id='word_1_6' title='bbox 810 578 880 623; x_wconf 86' lang='lat' dir='ltr'>raro</span> <span class='ocrx_word' id='word_1_7' title='bbox 900 556 1054 621; x_wconf 90' lang='lat' dir='ltr'>Plautinas</span> <span class='ocrx_word' id='word_1_8' title='bbox 1074 577 1216 640; x_wconf 81' lang='lat' dir='ltr'>personas</span> <span class='ocrx_word' id='word_1_9' title='bbox 1237 577 1290 622; x_wconf 51' lang='lat' dir='ltr'>re*</span> 
     </span>
     <span class='ocr_line' id='line_1_3' title="bbox 211 665 925 757; baseline -0.008 -23"><span class='ocrx_word' id='word_1_10' title='bbox 211 669 304 736; x_wconf 88' lang='lat' dir='ltr'>riores</span> <span class='ocrx_word' id='word_1_11' title='bbox 317 667 410 734; x_wconf 85' lang='lat' dir='ltr'>rideri</span> <span class='ocrx_word' id='word_1_12' title='bbox 423 676 453 732; x_wconf 85' lang='lat' dir='ltr'>et</span> <span class='ocrx_word' id='word_1_13' title='bbox 467 665 635 732; x_wconf 79' lang='lat' dir='ltr'>niventibus</span> <span class='ocrx_word' id='word_1_14' title='bbox 646 665 807 757; x_wconf 80' lang='lat' dir='ltr'>similiores</span> <span class='ocrx_word' id='word_1_15' title='bbox 820 687 887 731; x_wconf 87' lang='lat' dir='ltr'>esse</span> <span class='ocrx_word' id='word_1_16' title='bbox 902 667 925 727; x_wconf 76' lang='lat'>¹.</span> 
     </span>
    </p>

    <p class='ocr_par' dir='ltr' id='par_1_3' title="bbox 209 774 1310 2607">
     <span class='ocr_line' id='line_1_4' title="bbox 257 774 1290 860; baseline -0.003 -16"><span class='ocrx_word' id='word_1_17' title='bbox 257 781 323 845; x_wconf 86' lang='lat' dir='ltr'>Nou</span> <span class='ocrx_word' id='word_1_18' title='bbox 347 785 447 842; x_wconf 90' lang='lat' dir='ltr'>autem</span> <span class='ocrx_word' id='word_1_19' title='bbox 460 777 600 840; x_wconf 83' lang='lat' dir='ltr'>Plautum</span> <span class='ocrx_word' id='word_1_20' title='bbox 621 775 773 842; x_wconf 75' lang='lat' dir='ltr'><strong>accusabis</strong></span> <span class='ocrx_word' id='word_1_21' title='bbox 787 774 910 851; x_wconf 88' lang='lat' dir='ltr'>merito,</span> <span class='ocrx_word' id='word_1_22' title='bbox 923 775 1008 858; x_wconf 91' lang='lat' dir='ltr'>quod·</span> <span class='ocrx_word' id='word_1_23' title='bbox 1025 793 1130 839; x_wconf 90' lang='lat' dir='ltr'>omnes</span> <span class='ocrx_word' id='word_1_24' title='bbox 1142 774 1207 860; x_wconf 86' lang='lat' dir='ltr'>ejus</span> <span class='ocrx_word' id='word_1_25' title='bbox 1220 793 1290 858; x_wconf 88' lang='lat' dir='ltr'>per-</span> 
     </span>
     <span class='ocr_line' id='line_1_5' title="bbox 211 862 1292 969; baseline -0.006 -16"><span class='ocrx_word' id='word_1_26' title='bbox 211 903 293 953; x_wconf 76' lang='lat' dir='ltr'>sone</span> <span class='ocrx_word' id='word_1_27' title='bbox 306 885 431 952; x_wconf 80' lang='lat' dir='ltr'><strong>nimiam</strong></span> <span class='ocrx_word' id='word_1_28' title='bbox 446 886 524 950; x_wconf 90' lang='lat' dir='ltr'>inter</span> <span class='ocrx_word' id='word_1_29' title='bbox 538 905 570 950; x_wconf 91' lang='lat' dir='ltr'>se</span> <span class='ocrx_word' id='word_1_30' title='bbox 582 883 811 950; x_wconf 81' lang='lat' dir='ltr'>similitudinem</span> <span class='ocrx_word' id='word_1_31' title='bbox 822 862 964 950; x_wconf 84' lang='lat' dir='ltr'>habeant.</span> <span class='ocrx_word' id='word_1_32' title='bbox 980 886 1045 950; x_wconf 91' lang='lat' dir='ltr'>Hoo</span> <span class='ocrx_word' id='word_1_33' title='bbox 1057 893 1159 951; x_wconf 87' lang='lat' dir='ltr'>tamen</span> <span class='ocrx_word' id='word_1_34' title='bbox 1179 883 1292 969; x_wconf 84' lang='lat' dir='ltr'>objecit</span> 
     </span>
     <span class='ocr_line' id='line_1_6' title="bbox 209 991 1284 1077; baseline -0.006 -15"><span class='ocrx_word' id='word_1_35' title='bbox 209 997 328 1062; x_wconf 78' lang='lat' dir='ltr'>criticam</span> <span class='ocrx_word' id='word_1_36' title='bbox 353 1004 469 1060; x_wconf 84' lang='lat' dir='ltr'>nostras</span> <span class='ocrx_word' id='word_1_37' title='bbox 491 994 711 1060; x_wconf 77' lang='lat' dir='ltr'>illustrissimus</span> <span class='ocrx_word' id='word_1_38' title='bbox 725 993 749 1072; x_wconf 79' lang='lat'>²,</span> <span class='ocrx_word' id='word_1_39' title='bbox 777 993 830 1058; x_wconf 90' lang='lat' dir='ltr'>sed</span> <span class='ocrx_word' id='word_1_40' title='bbox 851 1013 922 1077; x_wconf 88' lang='lat' dir='ltr'>erga</span> <span class='ocrx_word' id='word_1_41' title='bbox 945 993 1087 1059; x_wconf 86' lang='lat' dir='ltr'>Plautum</span> <span class='ocrx_word' id='word_1_42' title='bbox 1111 991 1284 1059; x_wconf 82' lang='lat' dir='ltr'>immanior.</span> 
     </span>
     <span class='ocr_line' id='line_1_7' title="bbox 213 1101 1289 1190; baseline -0.001 -24"><span class='ocrx_word' id='word_1_43' title='bbox 213 1131 229 1166; x_wconf 77' lang='lat' dir='ltr'>a</span> <span class='ocrx_word' id='word_1_44' title='bbox 257 1105 385 1190; x_wconf 78' lang='lat' dir='ltr'>Semper</span> <span class='ocrx_word' id='word_1_45' title='bbox 395 1103 615 1170; x_wconf 82' lang='lat' dir='ltr'>meretriculam</span> <span class='ocrx_word' id='word_1_46' title='bbox 631 1101 744 1180; x_wconf 73' lang='lat' dir='ltr'>aldeae,</span> <span class='ocrx_word' id='word_1_47' title='bbox 760 1103 817 1179; x_wconf 88' lang='lat' dir='ltr'>ait,</span> <span class='ocrx_word' id='word_1_48' title='bbox 840 1121 943 1166; x_wconf 83' lang='lat' dir='ltr'>asena</span> <span class='ocrx_word' id='word_1_49' title='bbox 966 1109 1018 1167; x_wconf 85' lang='lat' dir='ltr'>aut</span> <span class='ocrx_word' id='word_1_50' title='bbox 1037 1121 1098 1166; x_wconf 91' lang='lat' dir='ltr'>anu</span> <span class='ocrx_word' id='word_1_51' title='bbox 1118 1101 1289 1184; x_wconf 75' lang='lat' dir='ltr'>venditam,</span> 
     </span>
     <span class='ocr_line' id='line_1_8' title="bbox 214 1209 1290 1297; baseline 0 -23"><span class='ocrx_word' id='word_1_52' title='bbox 214 1235 230 1274; x_wconf 79' lang='lat' dir='ltr'>n</span> <span class='ocrx_word' id='word_1_53' title='bbox 256 1214 295 1280; x_wconf 87' lang='lat' dir='ltr'>ab</span> <span class='ocrx_word' id='word_1_54' title='bbox 304 1213 492 1280; x_wconf 79' lang='lat' dir='ltr'>adolescente</span> <span class='ocrx_word' id='word_1_55' title='bbox 504 1221 636 1297; x_wconf 83' lang='lat' dir='ltr'>emptam</span> <span class='ocrx_word' id='word_1_56' title='bbox 652 1236 682 1275; x_wconf 77' lang='lat' dir='ltr'>a.</span> <span class='ocrx_word' id='word_1_57' title='bbox 697 1210 780 1277; x_wconf 89' lang='lat' dir='ltr'>Nihil</span> <span class='ocrx_word' id='word_1_58' title='bbox 793 1210 924 1296; x_wconf 86' lang='lat' dir='ltr'>amplius</span> <span class='ocrx_word' id='word_1_59' title='bbox 933 1230 991 1296; x_wconf 86' lang='lat' dir='ltr'>ego</span> <span class='ocrx_word' id='word_1_60' title='bbox 1003 1227 1040 1275; x_wconf 86' lang='lat' dir='ltr'>ex</span> <span class='ocrx_word' id='word_1_61' title='bbox 1052 1209 1118 1295; x_wconf 88' lang='lat' dir='ltr'>ejus</span> <span class='ocrx_word' id='word_1_62' title='bbox 1127 1209 1226 1275; x_wconf 89' lang='lat' dir='ltr'>verbis</span> <span class='ocrx_word' id='word_1_63' title='bbox 1236 1210 1290 1274; x_wconf 91' lang='lat' dir='ltr'>ad-</span> 
     </span>
     <span class='ocr_line' id='line_1_9' title="bbox 211 1319 1290 1406; baseline -0.004 -20"><span class='ocrx_word' id='word_1_64' title='bbox 211 1322 295 1400; x_wconf 84' lang='lat' dir='ltr'>dam,</span> <span class='ocrx_word' id='word_1_65' title='bbox 310 1330 342 1386; x_wconf 91' lang='lat' dir='ltr'>ut</span> <span class='ocrx_word' id='word_1_66' title='bbox 361 1334 409 1386; x_wconf 88' lang='lat' dir='ltr'>me</span> <span class='ocrx_word' id='word_1_67' title='bbox 430 1321 464 1386; x_wconf 79' lang='lat' dir='ltr'>iu&#39;</span> <span class='ocrx_word' id='word_1_68' title='bbox 483 1321 618 1406; x_wconf 86' lang='lat' dir='ltr'>personis</span> <span class='ocrx_word' id='word_1_69' title='bbox 640 1319 839 1386; x_wconf 81' lang='lat' dir='ltr'>muliebribus</span> <span class='ocrx_word' id='word_1_70' title='bbox 852 1320 1041 1397; x_wconf 89' lang='lat' dir='ltr'>contineam;</span> <span class='ocrx_word' id='word_1_71' title='bbox 1058 1328 1089 1383; x_wconf 89' lang='lat' dir='ltr'>at</span> <span class='ocrx_word' id='word_1_72' title='bbox 1103 1319 1218 1387; x_wconf 87' lang='lat' dir='ltr'>nullam</span> <span class='ocrx_word' id='word_1_73' title='bbox 1239 1339 1290 1383; x_wconf 89' lang='lat' dir='ltr'>ra-</span> 
     </span>
     <span class='ocr_line' id='line_1_10' title="bbox 209 1427 1290 1514; baseline -0.001 -20"><span class='ocrx_word' id='word_1_74' title='bbox 209 1429 564 1497; x_wconf 84' lang='lat' dir='ltr'>tionemhabuitmorum</span> <span class='ocrx_word' id='word_1_75' title='bbox 575 1429 738 1496; x_wconf 74' lang='lat' dir='ltr'>sanctatis.</span> <span class='ocrx_word' id='word_1_76' title='bbox 758 1433 914 1514; x_wconf 78' lang='lat' dir='ltr'>Nusquam</span> <span class='ocrx_word' id='word_1_77' title='bbox 924 1428 993 1494; x_wconf 88' lang='lat' dir='ltr'>duae</span> <span class='ocrx_word' id='word_1_78' title='bbox 1005 1427 1154 1494; x_wconf 76' lang='lat' dir='ltr'>Plautium</span> <span class='ocrx_word' id='word_1_79' title='bbox 1169 1427 1290 1494; x_wconf 77' lang='lat' dir='ltr'>femine</span> 
     </span>
     <span class='ocr_line' id='line_1_11' title="bbox 211 1539 1291 1622; baseline -0.005 -16"><span class='ocrx_word' id='word_1_80' title='bbox 211 1549 284 1606; x_wconf 83' lang='lat' dir='ltr'>sunt</span> <span class='ocrx_word' id='word_1_81' title='bbox 304 1540 428 1606; x_wconf 90' lang='lat' dir='ltr'>omnino</span> <span class='ocrx_word' id='word_1_82' title='bbox 451 1539 575 1606; x_wconf 89' lang='lat' dir='ltr'>similes.</span> <span class='ocrx_word' id='word_1_83' title='bbox 603 1540 693 1606; x_wconf 85' lang='lat' dir='ltr'>Certe</span> <span class='ocrx_word' id='word_1_84' title='bbox 712 1539 794 1604; x_wconf 87' lang='lat' dir='ltr'>idem</span> <span class='ocrx_word' id='word_1_85' title='bbox 815 1548 862 1604; x_wconf 92' lang='lat' dir='ltr'>est</span> <span class='ocrx_word' id='word_1_86' title='bbox 881 1539 952 1604; x_wconf 79' lang='lat' dir='ltr'>telae</span> <span class='ocrx_word' id='word_1_87' title='bbox 972 1558 1084 1622; x_wconf 77' lang='lat' dir='ltr'>geuus3</span> <span class='ocrx_word' id='word_1_88' title='bbox 1108 1556 1201 1622; x_wconf 85' lang='lat' dir='ltr'>quam</span> <span class='ocrx_word' id='word_1_89' title='bbox 1221 1553 1291 1602; x_wconf 82' lang='lat' dir='ltr'>aero</span> 
     </span>
     <span class='ocr_line' id='line_1_12' title="bbox 211 1645 1291 1736; baseline -0.004 -24"><span class='ocrx_word' id='word_1_90' title='bbox 211 1650 293 1716; x_wconf 78' lang='lat' dir='ltr'>vario</span> <span class='ocrx_word' id='word_1_91' title='bbox 323 1649 459 1736; x_wconf 81' lang='lat' dir='ltr'>pingitur</span> <span class='ocrx_word' id='word_1_92' title='bbox 486 1645 673 1716; x_wconf 84' lang='lat' dir='ltr'>subtemine!</span> <span class='ocrx_word' id='word_1_93' title='bbox 708 1647 865 1714; x_wconf 80' lang='lat' dir='ltr'>Infinitum</span> <span class='ocrx_word' id='word_1_94' title='bbox 895 1647 928 1712; x_wconf 90' lang='lat' dir='ltr'>in</span> <span class='ocrx_word' id='word_1_95' title='bbox 954 1646 1078 1712; x_wconf 90' lang='lat' dir='ltr'>modum</span> <span class='ocrx_word' id='word_1_96' title='bbox 1108 1645 1291 1712; x_wconf 85' lang='lat' dir='ltr'>differentias</span> 
     </span>
     <span class='ocr_line' id='line_1_13' title="bbox 209 1756 1288 1846; baseline -0.004 -21"><span class='ocrx_word' id='word_1_97' title='bbox 209 1769 335 1846; x_wconf 83' lang='lat' dir='ltr'>spectas.</span> <span class='ocrx_word' id='word_1_98' title='bbox 359 1759 451 1839; x_wconf 87' lang='lat' dir='ltr'>Quis,</span> <span class='ocrx_word' id='word_1_99' title='bbox 471 1777 536 1825; x_wconf 89' lang='lat' dir='ltr'>rem</span> <span class='ocrx_word' id='word_1_100' title='bbox 553 1760 630 1824; x_wconf 88' lang='lat' dir='ltr'>bene</span> <span class='ocrx_word' id='word_1_101' title='bbox 655 1766 819 1834; x_wconf 89' lang='lat' dir='ltr'>scrutatus,</span> <span class='ocrx_word' id='word_1_102' title='bbox 834 1766 869 1822; x_wconf 91' lang='lat' dir='ltr'>ut</span> <span class='ocrx_word' id='word_1_103' title='bbox 889 1759 926 1823; x_wconf 88' lang='lat' dir='ltr'>de</span> <span class='ocrx_word' id='word_1_104' title='bbox 952 1757 1029 1823; x_wconf 86' lang='lat' dir='ltr'>lenis</span> <span class='ocrx_word' id='word_1_105' title='bbox 1051 1758 1141 1823; x_wconf 84' lang='lat' dir='ltr'>verba</span> <span class='ocrx_word' id='word_1_106' title='bbox 1163 1756 1288 1833; x_wconf 88' lang='lat' dir='ltr'>faciam,</span> 
     </span>
     <span class='ocr_line' id='line_1_14' title="bbox 212 1855 1290 1955; baseline -0.005 -20"><span class='ocrx_word' id='word_1_107' title='bbox 212 1869 368 1955; x_wconf 78' lang='lat' dir='ltr'>Gymnasii</span> <span class='ocrx_word' id='word_1_108' title='bbox 376 1876 506 1934; x_wconf 87' lang='lat' dir='ltr'>matrem</span> <span class='ocrx_word' id='word_1_109' title='bbox 518 1876 549 1932; x_wconf 86' lang='lat' dir='ltr'>ct</span> <span class='ocrx_word' id='word_1_110' title='bbox 558 1867 745 1944; x_wconf 75' lang='lat' dir='ltr'>Clearetam,</span> <span class='ocrx_word' id='word_1_111' title='bbox 757 1875 791 1932; x_wconf 90' lang='lat' dir='ltr'>ut</span> <span class='ocrx_word' id='word_1_112' title='bbox 800 1866 837 1930; x_wconf 92' lang='lat' dir='ltr'>de</span> <span class='ocrx_word' id='word_1_113' title='bbox 846 1864 1053 1932; x_wconf 83' lang='lat' dir='ltr'>meretricibus</span> <span class='ocrx_word' id='word_1_114' title='bbox 1062 1855 1290 1951; x_wconf 84' lang='lat' dir='ltr'>procacissimis,</span> 
     </span>
     <span class='ocr_line' id='line_1_15' title="bbox 211 1972 1290 2055; baseline -0.005 -13"><span class='ocrx_word' id='word_1_115' title='bbox 211 1975 430 2055; x_wconf 83' lang='lat' dir='ltr'>Phronesium,</span> <span class='ocrx_word' id='word_1_116' title='bbox 449 1975 631 2053; x_wconf 74' lang='lat' dir='ltr'>Bacchides,</span> <span class='ocrx_word' id='word_1_117' title='bbox 651 1974 803 2054; x_wconf 85' lang='lat' dir='ltr'>Erotium,</span> <span class='ocrx_word' id='word_1_118' title='bbox 829 1983 863 2039; x_wconf 89' lang='lat' dir='ltr'>ut</span> <span class='ocrx_word' id='word_1_119' title='bbox 887 1975 924 2039; x_wconf 86' lang='lat' dir='ltr'>de</span> <span class='ocrx_word' id='word_1_120' title='bbox 948 1973 1155 2051; x_wconf 88' lang='lat' dir='ltr'>amatrioibus,</span> <span class='ocrx_word' id='word_1_121' title='bbox 1183 1972 1290 2038; x_wconf 90' lang='lat' dir='ltr'>Phile-</span> 
     </span>
     <span class='ocr_line' id='line_1_16' title="bbox 214 2076 1302 2165; baseline -0.005 -17"><span class='ocrx_word' id='word_1_122' title='bbox 214 2085 314 2165; x_wconf 85' lang='lat' dir='ltr'>nium,</span> <span class='ocrx_word' id='word_1_123' title='bbox 330 2084 560 2162; x_wconf 82' lang='lat' dir='ltr'>Philematium,</span> <span class='ocrx_word' id='word_1_124' title='bbox 578 2076 741 2161; x_wconf 86' lang='lat' dir='ltr'>Silenium,</span> <span class='ocrx_word' id='word_1_125' title='bbox 752 2090 786 2148; x_wconf 90' lang='lat' dir='ltr'>ut</span> <span class='ocrx_word' id='word_1_126' title='bbox 795 2082 832 2146; x_wconf 94' lang='lat' dir='ltr'>de</span> <span class='ocrx_word' id='word_1_127' title='bbox 849 2082 1005 2161; x_wconf 89' lang='lat' dir='ltr'>matronis,</span> <span class='ocrx_word' id='word_1_128' title='bbox 1021 2080 1179 2147; x_wconf 88' lang='lat' dir='ltr'>Pinacium</span> <span class='ocrx_word' id='word_1_129' title='bbox 1190 2089 1221 2149; x_wconf 91' lang='lat' dir='ltr'>et</span> <span class='ocrx_word' id='word_1_130' title='bbox 1233 2081 1302 2153; x_wconf 73' lang='lat' dir='ltr'>at,</span> 
     </span>
     <span class='ocr_line' id='line_1_17' title="bbox 213 2189 1310 2276; baseline -0.01 -17"><span class='ocrx_word' id='word_1_131' title='bbox 213 2211 371 2260; x_wconf 84' lang='lat' dir='ltr'>eumenem</span> <span class='ocrx_word' id='word_1_132' title='bbox 383 2193 461 2259; x_wconf 89' lang='lat' dir='ltr'>inter</span> <span class='ocrx_word' id='word_1_133' title='bbox 477 2213 509 2258; x_wconf 87' lang='lat' dir='ltr'>sc</span> <span class='ocrx_word' id='word_1_134' title='bbox 521 2212 606 2276; x_wconf 86' lang='lat' dir='ltr'>pares</span> <span class='ocrx_word' id='word_1_135' title='bbox 618 2211 683 2258; x_wconf 87' lang='lat' dir='ltr'>esse</span> <span class='ocrx_word' id='word_1_136' title='bbox 698 2189 801 2256; x_wconf 80' lang='lat' dir='ltr'>dicat‘.l</span> <span class='ocrx_word' id='word_1_137' title='bbox 815 2191 882 2254; x_wconf 84' lang='lat' dir='ltr'>lam</span> <span class='ocrx_word' id='word_1_138' title='bbox 895 2191 967 2255; x_wconf 90' lang='lat' dir='ltr'>satis</span> <span class='ocrx_word' id='word_1_139' title='bbox 982 2189 1184 2255; x_wconf 84' lang='lat' dir='ltr'>demonstravi</span> <span class='ocrx_word' id='word_1_140' title='bbox 1194 2209 1290 2274; x_wconf 78' lang='lat' dir='ltr'>qma-</span> <span class='ocrx_word' id='word_1_141' title='bbox 1307 2235 1310 2247; x_wconf 90' lang='lat'>.</span> 
     </span>
     <span class='ocr_line' id='line_1_18' title="bbox 212 2297 1305 2398; baseline -0.005 -31"><span class='ocrx_word' id='word_1_142' title='bbox 212 2312 276 2368; x_wconf 88' lang='lat' dir='ltr'>tum</span> <span class='ocrx_word' id='word_1_143' title='bbox 295 2304 361 2369; x_wconf 86' lang='lat' dir='ltr'>haec</span> <span class='ocrx_word' id='word_1_144' title='bbox 379 2304 416 2368; x_wconf 92' lang='lat' dir='ltr'>ab</span> <span class='ocrx_word' id='word_1_145' title='bbox 440 2297 490 2367; x_wconf 85' lang='lat' dir='ltr'>illa</span> <span class='ocrx_word' id='word_1_146' title='bbox 506 2301 650 2379; x_wconf 75' lang='lat' dir='ltr'>distaret,</span> <span class='ocrx_word' id='word_1_147' title='bbox 682 2300 791 2386; x_wconf 88' lang='lat' dir='ltr'>gradus</span> <span class='ocrx_word' id='word_1_148' title='bbox 814 2319 921 2365; x_wconf 90' lang='lat' dir='ltr'>omnes</span> <span class='ocrx_word' id='word_1_149' title='bbox 943 2299 1087 2384; x_wconf 84' lang='lat' dir='ltr'>cujusque</span> <span class='ocrx_word' id='word_1_150' title='bbox 1111 2299 1305 2398; x_wconf 70' lang='lat' dir='ltr'>conditionisq</span> 
     </span>
     <span class='ocr_line' id='line_1_19' title="bbox 212 2407 1289 2497; baseline 0.002 -21"><span class='ocrx_word' id='word_1_151' title='bbox 212 2413 357 2497; x_wconf 87' lang='lat' dir='ltr'>expressit</span> <span class='ocrx_word' id='word_1_152' title='bbox 379 2413 502 2477; x_wconf 89' lang='lat' dir='ltr'>Plautus</span> <span class='ocrx_word' id='word_1_153' title='bbox 517 2430 635 2475; x_wconf 91' lang='lat' dir='ltr'>summo</span> <span class='ocrx_word' id='word_1_154' title='bbox 650 2409 794 2487; x_wconf 83' lang='lat' dir='ltr'>artificio,</span> <span class='ocrx_word' id='word_1_155' title='bbox 816 2419 848 2473; x_wconf 88' lang='lat' dir='ltr'>ut</span> <span class='ocrx_word' id='word_1_156' title='bbox 866 2428 968 2475; x_wconf 85' lang='lat' dir='ltr'>vocum</span> <span class='ocrx_word' id='word_1_157' title='bbox 992 2409 1164 2474; x_wconf 85' lang='lat' dir='ltr'>continuam</span> <span class='ocrx_word' id='word_1_158' title='bbox 1180 2407 1289 2479; x_wconf 82' lang='lat' dir='ltr'>serieru.</span> 
     </span>
     <span class='ocr_line' id='line_1_20' title="bbox 212 2519 784 2607; baseline -0.003 -22"><span class='ocrx_word' id='word_1_159' title='bbox 212 2521 343 2587; x_wconf 87' lang='lat' dir='ltr'>musicus</span> <span class='ocrx_word' id='word_1_160' title='bbox 358 2520 555 2607; x_wconf 90' lang='lat' dir='ltr'>peritissimus</span> <span class='ocrx_word' id='word_1_161' title='bbox 569 2530 657 2585; x_wconf 80' lang='lat' dir='ltr'>cantu</span> <span class='ocrx_word' id='word_1_162' title='bbox 673 2519 784 2598; x_wconf 83' lang='lat' dir='ltr'>reddit,</span> 
     </span>
    </p>
   </div>
   <div class='ocr_carea' id='block_1_3' title="bbox 343 2693 1070 2835">
    <p class='ocr_par' dir='ltr' id='par_1_4' title="bbox 343 2693 1070 2835">
     <span class='ocr_line' id='line_1_21' title="bbox 812 2693 994 2742; baseline -0.011 0"><span class='ocrx_word' id='word_1_163' title='bbox 812 2693 884 2742; x_wconf 90' lang='lat' dir='ltr'>llfcdo</span> <span class='ocrx_word' id='word_1_164' title='bbox 898 2707 994 2741; x_wconf 87' lang='lat' dir='ltr'>summa</span> 
     </span>
     <span class='ocr_line' id='line_1_22' title="bbox 343 2772 1070 2835; baseline -0.007 -12"><span class='ocrx_word' id='word_1_165' title='bbox 343 2776 418 2832; x_wconf 83' lang='lat' dir='ltr'>Voce,</span> <span class='ocrx_word' id='word_1_166' title='bbox 433 2776 506 2824; x_wconf 89' lang='lat' dir='ltr'>modo</span> <span class='ocrx_word' id='word_1_167' title='bbox 518 2776 561 2823; x_wconf 88' lang='lat' dir='ltr'>hac</span> <span class='ocrx_word' id='word_1_168' title='bbox 575 2781 671 2825; x_wconf 86' lang='lat' dir='ltr'>resonat</span> <span class='ocrx_word' id='word_1_169' title='bbox 685 2772 781 2822; x_wconf 83' lang='lat' dir='ltr'>chordis</span> <span class='ocrx_word' id='word_1_170' title='bbox 794 2786 850 2835; x_wconf 87' lang='lat' dir='ltr'>quae</span> <span class='ocrx_word' id='word_1_171' title='bbox 863 2779 978 2834; x_wconf 88' lang='lat' dir='ltr'>quattuor</span> <span class='ocrx_word' id='word_1_172' title='bbox 992 2773 1041 2819; x_wconf 84' lang='lat' dir='ltr'>ima</span> <span class='ocrx_word' id='word_1_173' title='bbox 1050 2774 1070 2818; x_wconf 72' lang='lat'>³.</span> 
     </span>
    </p>
   </div>
   <div class='ocr_carea' id='block_1_4' title="bbox 107 2932 1338 4002">
    <p class='ocr_par' dir='ltr' id='par_1_5' title="bbox 107 2932 1338 4002">
     <span class='ocr_line' id='line_1_23' title="bbox 215 2932 1295 3021; baseline -0.002 -21"><span class='ocrx_word' id='word_1_174' title='bbox 215 2935 309 3013; x_wconf 85' lang='lat' dir='ltr'>Quid,</span> <span class='ocrx_word' id='word_1_175' title='bbox 334 2936 413 3020; x_wconf 89' lang='lat' dir='ltr'>quod</span> <span class='ocrx_word' id='word_1_176' title='bbox 433 2937 527 3001; x_wconf 89' lang='lat' dir='ltr'>mirus</span> <span class='ocrx_word' id='word_1_177' title='bbox 550 2946 595 3002; x_wconf 88' lang='lat' dir='ltr'>est</span> <span class='ocrx_word' id='word_1_178' title='bbox 618 2936 650 3003; x_wconf 89' lang='lat' dir='ltr'>in</span> <span class='ocrx_word' id='word_1_179' title='bbox 672 2936 868 3021; x_wconf 88' lang='lat' dir='ltr'>dispositione</span> <span class='ocrx_word' id='word_1_180' title='bbox 890 2952 1096 3020; x_wconf 91' lang='lat' dir='ltr'>personarum.</span> <span class='ocrx_word' id='word_1_181' title='bbox 1124 2932 1211 2997; x_wconf 91' lang='lat' dir='ltr'>Modo</span> <span class='ocrx_word' id='word_1_182' title='bbox 1236 2952 1295 3016; x_wconf 87' lang='lat' dir='ltr'>per</span> 
     </span>
     <span class='ocr_line' id='line_1_24' title="bbox 217 3040 1293 3129; baseline -0.004 -20"><span class='ocrx_word' id='word_1_183' title='bbox 217 3062 250 3110; x_wconf 88' lang='lat' dir='ltr'>se</span> <span class='ocrx_word' id='word_1_184' title='bbox 260 3043 334 3129; x_wconf 75' lang='lat' dir='ltr'>ipsu</span> <span class='ocrx_word' id='word_1_185' title='bbox 348 3046 451 3109; x_wconf 89' lang='lat' dir='ltr'>lumen</span> <span class='ocrx_word' id='word_1_186' title='bbox 465 3044 588 3122; x_wconf 86' lang='lat' dir='ltr'>babent,</span> <span class='ocrx_word' id='word_1_187' title='bbox 604 3046 676 3110; x_wconf 89' lang='lat' dir='ltr'>dum</span> <span class='ocrx_word' id='word_1_188' title='bbox 690 3053 751 3109; x_wconf 90' lang='lat' dir='ltr'>tcta</span> <span class='ocrx_word' id='word_1_189' title='bbox 767 3043 867 3109; x_wconf 91' lang='lat' dir='ltr'>fabula</span> <span class='ocrx_word' id='word_1_190' title='bbox 881 3043 990 3128; x_wconf 89' lang='lat' dir='ltr'>agitur,</span> <span class='ocrx_word' id='word_1_191' title='bbox 1005 3042 1161 3127; x_wconf 83' lang='lat' dir='ltr'>ingenium</span> <span class='ocrx_word' id='word_1_192' title='bbox 1175 3040 1293 3125; x_wconf 77' lang='lat' dir='ltr'>signifi-</span> 
     </span>
     <span class='ocr_line' id='line_1_25' title="bbox 137 3137 1292 3237; baseline -0.003 -20"><span class='ocrx_word' id='word_1_193' title='bbox 137 3137 145 3145; x_wconf 65' lang='grc'><strong>’</strong></span> <span class='ocrx_word' id='word_1_194' title='bbox 217 3161 338 3231; x_wconf 80' lang='lat' dir='ltr'>cantes,</span> <span class='ocrx_word' id='word_1_195' title='bbox 352 3162 385 3219; x_wconf 90' lang='lat' dir='ltr'>et</span> <span class='ocrx_word' id='word_1_196' title='bbox 396 3152 504 3219; x_wconf 83' lang='lat' dir='ltr'>clarius</span> <span class='ocrx_word' id='word_1_197' title='bbox 517 3170 606 3219; x_wconf 81' lang='lat' dir='ltr'>scena</span> <span class='ocrx_word' id='word_1_198' title='bbox 619 3172 738 3237; x_wconf 86' lang='lat' dir='ltr'>quaque</span> <span class='ocrx_word' id='word_1_199' title='bbox 750 3151 905 3217; x_wconf 83' lang='lat' dir='ltr'>facientes.</span> <span class='ocrx_word' id='word_1_200' title='bbox 922 3154 966 3217; x_wconf 84' lang='lat' dir='ltr'>lta</span> <span class='ocrx_word' id='word_1_201' title='bbox 981 3149 1217 3215; x_wconf 78' lang='lat' dir='ltr'>matrisfamilias</span> <span class='ocrx_word' id='word_1_202' title='bbox 1233 3149 1292 3213; x_wconf 84' lang='lat' dir='ltr'>rir-</span> 
     </span>
     <span class='ocr_line' id='line_1_26' title="bbox 218 3256 1292 3347; baseline -0.002 -24"><span class='ocrx_word' id='word_1_203' title='bbox 218 3264 296 3327; x_wconf 85' lang='lat' dir='ltr'>tutes</span> <span class='ocrx_word' id='word_1_204' title='bbox 313 3262 477 3327; x_wconf 77' lang='lat' dir='ltr'>Alcumena</span> <span class='ocrx_word' id='word_1_205' title='bbox 500 3260 622 3347; x_wconf 86' lang='lat' dir='ltr'>pandit,</span> <span class='ocrx_word' id='word_1_206' title='bbox 646 3269 732 3345; x_wconf 89' lang='lat' dir='ltr'>prout</span> <span class='ocrx_word' id='word_1_207' title='bbox 755 3278 804 3325; x_wconf 90' lang='lat' dir='ltr'>res</span> <span class='ocrx_word' id='word_1_208' title='bbox 827 3259 990 3339; x_wconf 86' lang='lat' dir='ltr'>desiderat,</span> <span class='ocrx_word' id='word_1_209' title='bbox 1013 3258 1153 3343; x_wconf 91' lang='lat' dir='ltr'>illiusque</span> <span class='ocrx_word' id='word_1_210' title='bbox 1176 3256 1292 3342; x_wconf 89' lang='lat' dir='ltr'>efligies</span> 
     </span>
     <span class='ocr_line' id='line_1_27' title="bbox 217 3365 1293 3455; baseline -0.004 -20"><span class='ocrx_word' id='word_1_211' title='bbox 217 3378 360 3455; x_wconf 85' lang='lat' dir='ltr'>tanquam</span> <span class='ocrx_word' id='word_1_212' title='bbox 374 3370 436 3435; x_wconf 90' lang='lat' dir='ltr'>sola</span> <span class='ocrx_word' id='word_1_213' title='bbox 449 3369 482 3434; x_wconf 90' lang='lat' dir='ltr'>in</span> <span class='ocrx_word' id='word_1_214' title='bbox 495 3369 594 3435; x_wconf 89' lang='lat' dir='ltr'>fabula</span> <span class='ocrx_word' id='word_1_215' title='bbox 612 3368 752 3453; x_wconf 86' lang='lat' dir='ltr'>refulget.</span> <span class='ocrx_word' id='word_1_216' title='bbox 773 3368 830 3433; x_wconf 90' lang='lat' dir='ltr'>Illo</span> <span class='ocrx_word' id='word_1_217' title='bbox 851 3368 941 3433; x_wconf 87' lang='lat' dir='ltr'>modo</span> <span class='ocrx_word' id='word_1_218' title='bbox 962 3367 1139 3445; x_wconf 81' lang='lat' dir='ltr'>Bacchides,</span> <span class='ocrx_word' id='word_1_219' title='bbox 1155 3365 1293 3431; x_wconf 88' lang='lat' dir='ltr'>Phrone-</span> 
     </span>
     <span class='ocr_line' id='line_1_28' title="bbox 216 3475 1291 3562; baseline -0.005 -17"><span class='ocrx_word' id='word_1_220' title='bbox 216 3480 295 3545; x_wconf 87' lang='lat' dir='ltr'>sium</span> <span class='ocrx_word' id='word_1_221' title='bbox 309 3480 529 3546; x_wconf 80' lang='lat' dir='ltr'>fraudulentam</span> <span class='ocrx_word' id='word_1_222' title='bbox 542 3486 638 3545; x_wconf 83' lang='lat' dir='ltr'>artent</span> <span class='ocrx_word' id='word_1_223' title='bbox 656 3486 816 3555; x_wconf 84' lang='lat' dir='ltr'>exercent,</span> <span class='ocrx_word' id='word_1_224' title='bbox 838 3476 923 3543; x_wconf 91' lang='lat' dir='ltr'>dolos</span> <span class='ocrx_word' id='word_1_225' title='bbox 936 3485 1133 3562; x_wconf 78' lang='lat' dir='ltr'>aggeramus,</span> <span class='ocrx_word' id='word_1_226' title='bbox 1153 3475 1291 3543; x_wconf 82' lang='lat' dir='ltr'>meretri-</span> 
     </span>
     <span class='ocr_line' id='line_1_29' title="bbox 217 3587 1290 3675; baseline -0.004 -22"><span class='ocrx_word' id='word_1_227' title='bbox 217 3588 354 3674; x_wconf 84' lang='lat' dir='ltr'>oiamque</span> <span class='ocrx_word' id='word_1_228' title='bbox 377 3588 552 3675; x_wconf 78' lang='lat' dir='ltr'>perfidiam,</span> <span class='ocrx_word' id='word_1_229' title='bbox 567 3596 679 3674; x_wconf 88' lang='lat' dir='ltr'>quanta</span> <span class='ocrx_word' id='word_1_230' title='bbox 693 3596 758 3665; x_wconf 87' lang='lat' dir='ltr'>est,</span> <span class='ocrx_word' id='word_1_231' title='bbox 773 3588 856 3653; x_wconf 89' lang='lat' dir='ltr'>nulla</span> <span class='ocrx_word' id='word_1_232' title='bbox 872 3607 921 3667; x_wconf 93' lang='lat' dir='ltr'>re,</span> <span class='ocrx_word' id='word_1_233' title='bbox 942 3607 1011 3671; x_wconf 80' lang='lat' dir='ltr'>quae</span> <span class='ocrx_word' id='word_1_234' title='bbox 1033 3587 1170 3653; x_wconf 89' lang='lat' dir='ltr'>animum</span> <span class='ocrx_word' id='word_1_235' title='bbox 1187 3597 1290 3653; x_wconf 84' lang='lat' dir='ltr'>avocet</span> 
     </span>
     <span class='ocr_line' id='line_1_30' title="bbox 219 3697 1292 3782; baseline -0.003 -19"><span class='ocrx_word' id='word_1_236' title='bbox 219 3698 292 3777; x_wconf 85' lang='lat' dir='ltr'>abo,</span> <span class='ocrx_word' id='word_1_237' title='bbox 307 3698 461 3778; x_wconf 81' lang='lat' dir='ltr'>adhibita,</span> <span class='ocrx_word' id='word_1_238' title='bbox 476 3706 669 3765; x_wconf 77' lang='lat' dir='ltr'>osunuates.</span> <span class='ocrx_word' id='word_1_239' title='bbox 689 3700 927 3782; x_wconf 86' lang='lat' dir='ltr'>Nonnunquam,</span> <span class='ocrx_word' id='word_1_240' title='bbox 943 3697 1084 3765; x_wconf 84' lang='lat' dir='ltr'>varietate</span> <span class='ocrx_word' id='word_1_241' title='bbox 1106 3715 1225 3763; x_wconf 87' lang='lat' dir='ltr'>momm</span> <span class='ocrx_word' id='word_1_242' title='bbox 1239 3716 1292 3761; x_wconf 91' lang='lat' dir='ltr'>seu</span> 
     </span>
     <span class='ocr_line' id='line_1_31' title="bbox 219 3803 1294 3891; baseline -0.006 -19"><span class='ocrx_word' id='word_1_243' title='bbox 219 3806 413 3885; x_wconf 87' lang='lat' dir='ltr'>tenuissima,</span> <span class='ocrx_word' id='word_1_244' title='bbox 429 3826 481 3873; x_wconf 90' lang='lat' dir='ltr'>seu</span> <span class='ocrx_word' id='word_1_245' title='bbox 502 3806 653 3883; x_wconf 81' lang='lat' dir='ltr'>maxima,</span> <span class='ocrx_word' id='word_1_246' title='bbox 671 3803 820 3889; x_wconf 85' lang='lat' dir='ltr'>imagines</span> <span class='ocrx_word' id='word_1_247' title='bbox 841 3806 971 3891; x_wconf 88' lang='lat' dir='ltr'>quodam</span> <span class='ocrx_word' id='word_1_248' title='bbox 990 3806 1079 3872; x_wconf 89' lang='lat' dir='ltr'>modo</span> <span class='ocrx_word' id='word_1_249' title='bbox 1101 3813 1240 3881; x_wconf 74' lang='lat' dir='ltr'>exeant,</span> <span class='ocrx_word' id='word_1_250' title='bbox 1263 3812 1294 3867; x_wconf 85' lang='lat' dir='ltr'>et</span> 
     </span>
     <span class='ocr_line' id='line_1_32' title="bbox 107 3908 1338 4002; baseline -0.006 -22"><span class='ocrx_word' id='word_1_251' title='bbox 107 3988 110 3991; x_wconf 55' lang='grc'><strong>,</strong></span> <span class='ocrx_word' id='word_1_252' title='bbox 219 3916 379 3983; x_wconf 81' lang='lat' dir='ltr'>affectuum</span> <span class='ocrx_word' id='word_1_253' title='bbox 397 3915 560 3983; x_wconf 86' lang='lat' dir='ltr'>certamine</span> <span class='ocrx_word' id='word_1_254' title='bbox 582 3914 817 3998; x_wconf 80' lang='lat' dir='ltr'>distinguuntur.</span> <span class='ocrx_word' id='word_1_255' title='bbox 845 3916 982 4000; x_wconf 80' lang='lat' dir='ltr'>Exempli</span> <span class='ocrx_word' id='word_1_256' title='bbox 1006 3934 1111 3990; x_wconf 80' lang='lat' dir='ltr'>musa,</span> <span class='ocrx_word' id='word_1_257' title='bbox 1136 3908 1292 3978; x_wconf 78' lang='lat' dir='ltr'>Pinacium</span> <span class='ocrx_word' id='word_1_258' title='bbox 1336 3995 1338 4002; x_wconf 28' lang='grc' dir='ltr'>Ι</span> 
     </span>
    </p>
   </div>
   <div class='ocr_carea' id='block_1_5' title="bbox 221 4136 1295 4297">
    <p class='ocr_par' dir='ltr' id='par_1_6' title="bbox 221 4136 1295 4297">
     <span class='ocr_line' id='line_1_33' title="bbox 252 4136 1294 4219; baseline -0.005 -21"><span class='ocrx_word' id='word_1_259' title='bbox 252 4150 262 4183; x_wconf 70' lang='lat'><strong>1</strong></span> <span class='ocrx_word' id='word_1_260' title='bbox 280 4150 385 4212; x_wconf 83' lang='lat' dir='ltr'>Uterque</span> <span class='ocrx_word' id='word_1_261' title='bbox 396 4151 510 4212; x_wconf 87' lang='lat' dir='ltr'>(Plautus</span> <span class='ocrx_word' id='word_1_262' title='bbox 520 4136 544 4201; x_wconf 81' lang='lat' dir='ltr'>et</span> <span class='ocrx_word' id='word_1_263' title='bbox 556 4152 698 4216; x_wconf 77' lang='lat' dir='ltr'>Taenarus)</span> <span class='ocrx_word' id='word_1_264' title='bbox 708 4151 791 4202; x_wconf 80' lang='lat' dir='ltr'>Graeca</span> <span class='ocrx_word' id='word_1_265' title='bbox 801 4159 943 4214; x_wconf 61' lang='lat' dir='ltr'>ammenta</span> <span class='ocrx_word' id='word_1_266' title='bbox 952 4149 1086 4211; x_wconf 84' lang='lat' dir='ltr'>corrumpit</span> <span class='ocrx_word' id='word_1_267' title='bbox 1098 4155 1122 4196; x_wconf 87' lang='lat' dir='ltr'>et</span> <span class='ocrx_word' id='word_1_268' title='bbox 1133 4146 1294 4219; x_wconf 61' lang='lat' dir='ltr'>contaminem</span> 
     </span>
     <span class='ocr_line' id='line_1_34' title="bbox 221 4229 1295 4297; baseline -0.001 -21"><span class='ocrx_word' id='word_1_269' title='bbox 221 4232 310 4281; x_wconf 81' lang='lat' dir='ltr'>sedhic</span> <span class='ocrx_word' id='word_1_270' title='bbox 321 4232 441 4295; x_wconf 82' lang='lat' dir='ltr'>quadam,</span> <span class='ocrx_word' id='word_1_271' title='bbox 454 4240 481 4281; x_wconf 89' lang='lat' dir='ltr'>ut</span> <span class='ocrx_word' id='word_1_272' title='bbox 494 4233 527 4282; x_wconf 80' lang='lat' dir='ltr'>ita</span> <span class='ocrx_word' id='word_1_273' title='bbox 541 4233 635 4291; x_wconf 85' lang='lat' dir='ltr'>dicam,</span> <span class='ocrx_word' id='word_1_274' title='bbox 648 4232 778 4297; x_wconf 74' lang='lat' dir='ltr'>ieiunitate</span> <span class='ocrx_word' id='word_1_275' title='bbox 793 4234 898 4296; x_wconf 81' lang='lat' dir='ltr'>ingenii,</span> <span class='ocrx_word' id='word_1_276' title='bbox 916 4234 956 4282; x_wconf 90' lang='lat' dir='ltr'>ille</span> <span class='ocrx_word' id='word_1_277' title='bbox 973 4230 1122 4281; x_wconf 88' lang='lat' dir='ltr'>abundantia</span> <span class='ocrx_word' id='word_1_278' title='bbox 1139 4236 1162 4278; x_wconf 87' lang='lat' dir='ltr'>et</span> <span class='ocrx_word' id='word_1_279' title='bbox 1175 4229 1295 4277; x_wconf 76' lang='lat' dir='ltr'>ubertate.</span> 
     </span>
    </p>
   </div>
   <div class='ocr_carea' id='block_1_6' title="bbox 221 4311 1183 4454">
    <p class='ocr_par' dir='ltr' id='par_1_7' title="bbox 221 4311 1183 4454">
     <span class='ocr_line' id='line_1_35' title="bbox 221 4311 1183 4375; baseline -0.005 -15"><span class='ocrx_word' id='word_1_280' title='bbox 221 4311 339 4372; x_wconf 84' lang='lat' dir='ltr'>Boissier,</span> <span class='ocrx_word' id='word_1_281' title='bbox 353 4313 477 4373; x_wconf 83' lang='lat' dir='ltr'>Quomodo</span> <span class='ocrx_word' id='word_1_282' title='bbox 492 4315 596 4365; x_wconf 83' lang='lat' dir='ltr'>Plautus</span> <span class='ocrx_word' id='word_1_283' title='bbox 612 4314 769 4365; x_wconf 79' lang='lat' dir='ltr'>transtulerit</span> <span class='ocrx_word' id='word_1_284' title='bbox 782 4314 891 4372; x_wconf 77' lang='lat' dir='ltr'>Grecos,</span> <span class='ocrx_word' id='word_1_285' title='bbox 904 4329 929 4375; x_wconf 88' lang='lat' dir='ltr'>p.</span> <span class='ocrx_word' id='word_1_286' title='bbox 940 4317 979 4360; x_wconf 65' lang='lat'>20.</span> <span class='ocrx_word' id='word_1_287' title='bbox 995 4339 1023 4349; x_wconf 89' lang='lat'>—</span> <span class='ocrx_word' id='word_1_288' title='bbox 1037 4311 1048 4345; x_wconf 70' lang='lat'><strong>²</strong></span> <span class='ocrx_word' id='word_1_289' title='bbox 1068 4312 1183 4371; x_wconf 82' lang='lat' dir='ltr'>Lalrarpe.</span> 
     </span>
     <span class='ocr_line' id='line_1_36' title="bbox 255 4390 542 4454; baseline 0 -12"><span class='ocrx_word' id='word_1_290' title='bbox 255 4394 266 4427; x_wconf 81' lang='lat'>³</span> <span class='ocrx_word' id='word_1_291' title='bbox 281 4390 337 4443; x_wconf 86' lang='lat' dir='ltr'>Hor.</span> <span class='ocrx_word' id='word_1_292' title='bbox 354 4394 407 4444; x_wconf 87' lang='lat' dir='ltr'>Sul.</span> <span class='ocrx_word' id='word_1_293' title='bbox 420 4392 443 4453; x_wconf 95' lang='lat' dir='ltr'>l,</span> <span class='ocrx_word' id='word_1_294' title='bbox 459 4394 507 4454; x_wconf 90' lang='lat' dir='ltr'>lll,</span> <span class='ocrx_word' id='word_1_295' title='bbox 519 4400 542 4442; x_wconf 77' lang='grc'>8.</span> 
     </span>
    </p>
   </div>
   <div class='ocr_carea' id='block_1_7' title="bbox 0 0 1632 5050">
    <p class='ocr_par' dir='ltr' id='par_1_8' title="bbox 0 0 1632 5050">
     <span class='ocr_line' id='line_1_37' title="bbox 0 0 1632 5050; baseline 0 0"><span class='ocrx_word' id='word_1_296' title='bbox 0 0 1632 5050; x_wconf 95' lang='lat' dir='ltr'> </span> 
     </span>
    </p>
   </div>
  </div>
 </body>
</html>
