3250 5050
765 416 946 478 ..ᾗο-

317 558 519 624 Nihilominus
543 576 603 621 non
626 555 766 639 equidem
788 573 895 620 censeo
910 553 977 619 illas
990 555 1067 620 inter
1077 574 1109 620 se
1125 555 1188 620 lore
1209 573 1295 638 aequo
1304 555 1386 642 jure.

316 664 493 750 Ampeliscae
513 664 608 728 oratio
629 663 717 747 paulo
737 661 881 727 humilior
901 670 970 741 est;
993 662 1021 727 ei
1043 680 1128 745 aquae
1141 661 1315 742 hauriendae
1327 664 1391 731 iero

315 771 431 837 servilis
442 791 513 836 cura
526 769 698 848 mandatum
709 769 786 856 jocis
795 769 891 833 utitur
900 768 932 833 in
943 787 1082 834 sermone
1092 787 1161 834 curn
1172 769 1387 854 Sceparnione‚

315 899 371 945 nec
392 879 505 957 mirer,
532 878 557 942 si
581 887 702 961 postea,
729 876 832 942 hocin
845 876 1013 942 libertatem
1035 876 1206 956 vindicato,
1234 878 1392 944 matrimo

314 987 365 1053 nio
378 988 410 1052 in
421 987 573 1052 Palestrae
584 985 754 1051 clientelam
773 985 943 1070 Ampelisca
964 986 1074 1050 veniat.
1090 985 1175 1051 Licet
1196 987 1303 1051 saltem
1325 1007 1391 1053 rem

312 1096 405 1161 talem
425 1114 462 1159 ex
485 1102 581 1178 poetae
602 1093 701 1158 verbis
723 1093 882 1179 conjicere.
899 1095 1042 1163 Palaestra
1065 1101 1168 1158 contra
1196 1111 1350 1177 nunquam
1374 1115 1392 1158 a

314 1201 460 1287 gravitate
472 1200 560 1281 miti,
587 1210 617 1266 et
633 1221 649 1266 a
669 1199 816 1285 religione
829 1201 948 1266 assidua
961 1199 1099 1266 discedit.
1115 1202 1215 1279 Quam
1228 1218 1323 1284 quum
1346 1200 1393 1264 lo-
1440 1225 1445 1232 ·

313 1299 456 1395 liuentem
467 1308 582 1374 inducit
593 1359 600 1385 ,
612 1318 663 1373 aut
676 1326 770 1392 quum
783 1307 926 1374 describit
938 1328 998 1396 qno
1011 1307 1043 1372 in
1054 1315 1134 1373 statu
1142 1316 1287 1386 versetur,
1300 1308 1392 1372 Plau-

314 1428 361 1483 tus
372 1419 495 1485 aliectus
509 1438 594 1484 veros
607 1427 638 1482 et
649 1418 686 1484 ad
697 1418 880 1484 movendum
891 1417 1028 1484 animum
1041 1416 1212 1502 aptissimos
1234 1415 1390 1502 excogita-

314 1526 365 1592 vit.
391 1529 478 1592 lllam
498 1525 568 1592 audi
580 1537 716 1592 orantem
729 1577 736 1604 ‚
751 1535 785 1591 ut
796 1525 963 1611 excipiatur
975 1547 999 1588 :·

438 1747 506 1796 Nunc
517 1746 562 1794 tibi
574 1745 744 1808 amplectimur
754 1759 848 1807 genua,
859 1746 964 1808 egenteis
976 1760 1065 1808 opum,

437 1827 496 1884 Quae
510 1825 535 1874 in
547 1824 607 1873 locis
617 1824 719 1882 nesciis,
730 1824 811 1872 nescia
821 1838 879 1886 spe,
892 1839 992 1883 sumus,

437 1905 468 1954 Ut
477 1911 521 1953 tuo
534 1904 635 1966 recipias
648 1910 710 1952 tecto
717 1937 725 1962 ,
737 1917 867 1965 servesque
880 1918 925 1951 nos
932 1938 940 1962 ,

438 1985 628 2045 lliserarumque
639 1990 662 2031 te
672 1983 799 2032 ambarum
811 1990 838 2031 ut
850 1983 976 2041 misereat,

438 2062 532 2120 Quibus
543 2075 586 2110 nec
596 2063 665 2112 locus
675 2061 744 2110 ullus
755 2075 798 2110 neo
809 2075 864 2124 spes
877 2069 960 2124 parata
973 2070 1022 2120 est,

439 2141 520 2203 Neque
533 2141 579 2190 hoc
590 2140 707 2203 amphus,
721 2154 794 2204 quam
809 2141 875 2203 quod
884 2141 965 2199 vides,
977 2142 1047 2191 nobis
1058 2142 1189 2203 quidquam
1200 2143 1231 2190 *st
1242 2144 1261 2189 ¹.
1334 2164 1338 2169 ¹

312 2341 429 2408 Addam
445 2343 509 2428 ejus
521 2343 657 2427 querelas
669 2343 771 2408 lanum
784 2342 983 2427 relinquentis
998 2366 1004 2404 :

437 2558 483 2607 Sed
496 2573 560 2607 nunc
572 2573 624 2607 sese
637 2559 719 2609 lerunt
732 2567 761 2609 ut
771 2574 809 2609 res
824 2561 978 2621 fortunaeque
988 2566 1090 2616 nostrae,
1157 2559 1162 2567 '

436 2636 482 2685 Par
494 2645 530 2687 est
538 2638 636 2697 moriri;
649 2653 727 2701 noque
737 2647 773 2688 est
784 2640 871 2687 melius
881 2646 973 2696 morte,
984 2638 1008 2687 in
1023 2640 1093 2688 malis

437 2716 534 2775 Rebus,
545 2717 640 2769 miseris
650 2720 671 2765 ².

356 2916 468 2981 Eadem
481 2917 517 3002 in
534 2936 621 2982 scena
643 2918 770 2983 occurrit
784 2918 908 2984 verbum
932 2916 1115 2994 miserabile,
1127 2917 1268 3003 quodque
1288 2927 1384 3002 poetae

310 3024 540 3108 intelligentiam
561 3024 764 3091 acutissimam
785 3034 922 3091 testatur.
943 3024 1057 3103 Mulier,
1082 3024 1152 3093 licet
1177 3026 1275 3104 fortis,
1294 3045 1383 3091 senus

311 3130 356 3197 sui
369 3130 573 3197 infirmitatem
585 3131 685 3217 prodit
701 3156 708 3196 :

435 3344 532 3393 Certum
543 3344 572 3392 'st
585 3345 683 3403 moriri,
692 3358 765 3408 quam
776 3347 841 3395 hunc
852 3346 901 3408 pati
913 3346 1016 3409 grassari
1027 3345 1140 3393 lenonem
1152 3346 1177 3393 in
1190 3358 1229 3394 me
1241 3361 1248 3392 :

436 3421 482 3469 Sed
492 3423 606 3472 muliebri
615 3425 696 3473 animo
709 3437 764 3474 sum
775 3432 871 3485 tamen;
887 3426 981 3475 miserae
994 3424 1038 3474 ubi
1050 3424 1151 3473 venitin
1163 3432 1268 3474 mentem

435 3501 506 3561 tlibi,
517 3503 602 3553 mortis
613 3512 692 3554 metus
705 3505 817 3555 membra
828 3506 946 3569 obcnpat‚
956 3505 1041 3567 edepol
1050 3504 1071 3555 ³.

310 3698 435 3781 Semper
455 3696 512 3764 sibi
532 3708 659 3769 constat.
685 3702 759 3767 Eam
773 3699 950 3767 verecundia
964 3701 1062 3780 decet;
1086 3702 1187 3788 itaque
1208 3722 1270 3767 non
1291 3699 1382 3767 nimis

309 3814 410 3891 aperte
420 3823 554 3872 amorem
567 3826 638 3893 erga
661 3808 887 3895 Pleusidippum
910 3808 1077 3897 profitetur.
1092 3809 1291 3894 Agnoscentis
1310 3811 1383 3875 Tra-

311 3915 479 3984 chalionem
498 3940 557 3985 una
566 3938 623 3985 vox
635 3931 681 3985 est
708 3942 714 3983 :

436 4124 456 4174 0
466 4127 550 4176 salutis
559 4141 620 4177 meae
633 4141 687 4190 spes
698 4127 723 4173 ⁴!

346 4348 429 4396 tnnc.
443 4348 463 4408 l,
476 4353 499 4407 5,
516 4354 552 4399 lb.
564 4380 593 4389 -
608 4354 665 4403 ²ld.
681 4353 724 4412 ΙΙΙ,
735 4358 759 4429 3.,
775 4358 811 4403 11.
834 4382 864 4390 -
875 4354 885 4408 ³,
897 4356 961 4404 llud.
976 4352 1018 4412 ΙΙΙ,
1029 4359 1053 4415 3,
1065 4359 1105 4404 32.
1119 4382 1149 4391 -
1160 4356 1172 4390 ⁴
1185 4356 1221 4405 ld.
1233 4355 1277 4413 ΙΙΙ,
1290 4356 1314 4411 3,
1327 4354 1365 4401 ΙΙ.
