3250 5050
676 435 835 496 ..3-

259 574 428 660 Antequam
446 574 580 658 singulas
596 573 711 649 indoles
725 572 939 638 examinandas
957 573 1174 658 suscipiamus,
1201 573 1292 640 refert

162 767 168 780 ι
212 702 335 749 noscere
354 703 414 768 qua
432 682 531 767 specie
549 691 755 747 matronarum
767 700 857 747 omne
878 701 974 767 genus
987 682 1136 748 effinxerit
1150 684 1275 749 Plautus

259 794 294 856 ln
307 791 478 858 Aulularia¹
495 791 573 858 dicet
584 809 676 877 quam
689 793 825 857 molestae
845 790 906 857 sint
922 813 1030 857 uxores
1042 793 1172 857 dotatae:

275 976 336 1025 Istas
345 990 443 1039 magnas
454 976 583 1034 sactiones,
596 977 706 1037 animos,
720 976 797 1026 doteis
810 977 938 1040 dapsileis,

275 1058 409 1118 Clamores,
422 1057 529 1120 inperia,
543 1057 644 1106 eburata
654 1057 775 1115 vehicula,
788 1058 873 1119 pallas,
888 1071 1031 1122 purpuram,

276 1136 317 1186 Nil
328 1152 420 1197 moror,
433 1138 525 1199 quaein
539 1137 679 1186 servitutem
692 1135 815 1184 sumtibus
828 1135 940 1199 redigunt
952 1137 1028 1186 viros.

258 1299 341 1364 Alias
354 1308 511 1364 enumerat
524 1317 624 1364 servos
641 1298 782 1365 circueas
800 1309 981 1384 occupatae,
1008 1298 1196 1385 artificesque
1217 1319 1295 1385 quo-

214 1427 384 1494 rumopera
398 1407 592 1474 inmundum
613 1408 792 1474 muliebrem
813 1406 990 1485 insumitur,
1006 1427 1104 1494 neque
1117 1408 1293 1477 brevissima

213 1516 419 1583 caseriesest.

259 1624 530 1709 Periplectomenus
541 1624 573 1690 in
586 1624 681 1690 Milite
693 1624 848 1691 Glorioso¹
864 1624 906 1690 ait
916 1645 970 1690 cur
981 1645 1105 1691 uxorem
1123 1647 1183 1691 uon
1199 1627 1294 1692 duxe-

215 1734 257 1798 rit
273 1755 280 1796 ι

282 1954 355 1967 .....
376 1918 439 1968 Nolo
452 1919 512 1968 mibi
525 1918 701 1968 oblatratricem
713 1918 743 1972 in
754 1917 828 1968 aedeis
839 1919 1008 1968 intromittere.

279 1997 341 2046 Nam
354 1997 419 2046 bona
429 2011 501 2056 uxor,
516 1997 537 2045 si
549 2012 577 2046 ea
587 1997 689 2047 deducta
701 2005 852 2060 estnequam
864 1999 985 2060 gentium,

278 2078 325 2128 Ubi
337 2091 390 2126 eam
401 2079 492 2140 possim
505 2077 630 2126 invenire?
640 2091 724 2127 verum
737 2091 812 2139 egone
822 2092 875 2126 eam
888 2078 975 2127 ducam
985 2078 1095 2138 domum,

276 2157 338 2216 Quae
351 2156 411 2206 mihi
426 2171 551 2220 nunquam
566 2157 613 2206 hoe
625 2156 704 2205 dieat:
718 2171 780 2217 eme,
789 2158 825 2205 mi
833 2157 880 2214 vir,
891 2157 982 2216 lanam,
994 2158 1059 2207 unde
1073 2157 1117 2208 tibi
1129 2158 1229 2222 pallium

278 2237 396 2286 ldalacum
409 2244 432 2285 et
444 2235 549 2286 calidum
563 2236 716 2296 conficiatur,
730 2237 867 2300 tunicaeque
877 2237 985 2286 hibernae
998 2238 1080 2296 bonae,

279 2316 316 2366 Ne·
327 2317 405 2380 algeas
415 2315 460 2365 hac
472 2316 550 2366 hieme
564 2317 758 2380 (hocnunquam
770 2318 873 2367 verbum
885 2332 914 2366 ex
925 2333 1002 2367 uxore
1016 2317 1125 2382 audias);

278 2396 369 2448 Verum
379 2397 521 2460 priusquam
530 2397 585 2459 galli
598 2405 703 2457 cantent,
716 2411 771 2460 qum
783 2411 822 2446 me
834 2411 921 2446 somno
934 2397 1042 2456 suscitet,

278 2477 367 2527 Dicat:
380 2475 410 2527 da
422 2476 495 2536 mihi,
509 2477 555 2536 vir,
569 2476 680 2527 Calendis
693 2490 771 2527 meam
786 2475 852 2540 quod
869 2483 972 2527 matrem
983 2477 1075 2540 juverit
1088 2490 1095 2525 ε

279 2559 316 2608 Da
331 2559 374 2621 qui
389 2557 488 2617 farciat,
501 2558 532 2607 da
544 2558 587 2621 qui
600 2557 712 2614 condiat;
726 2556 757 2606 da
769 2557 835 2621 quod
847 2558 902 2607 dem
915 2558 1107 2620 Quinquatribus

278 2636 470 2696 Praecantatrioi,
487 2636 640 2699 conjeotriei,
654 2637 754 2687 hariolae
768 2645 841 2701 atque
857 2639 991 2701 aruspioae3

275 2723 450 2786 Flagitium’st,
464 2722 485 2771 si
497 2722 559 2771 nihil
569 2722 688 2785 mittetu13
702 2736 753 2786 quo
768 2724 898 2787 supercilio
912 2724 1003 2787 speeitl

276 2804 339 2855 Tum
350 2802 475 2867 pistricem
487 2803 618 2853 elementor
630 2816 680 2853 non
692 2812 772 2866 potest
785 2804 845 2866 quin
859 2818 1000 2862 monerem,
1013 2811 1051 2853 etc
1065 2804 1087 2849 ³.

1271 2902 1277 2928 l

262 2970 327 3035 Non
348 2966 459 3051 desunt
479 2966 559 3051 apud
577 2966 717 3032 Plautum
727 2966 932 3033 oblatratrices
944 2975 1121 3052 personata.
1139 2968 1208 3045 Quo
1222 2987 1292 3034 vero

215 3096 264 3143 res
282 3074 407 3141 ridiculo
427 3072 534 3161 majori
557 3074 771 3158 perfundatur,
784 3074 867 3140 addit
880 3073 1065 3158 suspiciones
1081 3075 1190 3161 quibus
1203 3077 1294 3143 variae

215 3186 321 3252 lormre
333 3193 423 3263 sunt,
441 3203 495 3269 pro
508 3192 588 3247 statu
602 3181 757 3261 mulieris,
770 3193 859 3250 aetate
870 3184 989 3263 mariti,
1002 3192 1033 3249 et
1045 3187 1156 3269 'genere
1168 3183 1295 3271 injuria

216 3313 286 3361 rum
299 3296 336 3361 ab
350 3315 385 3361 eo
399 3292 609 3359 admissarum.

263 3402 409 3469 Omnium
421 3402 564 3468 acerrima
576 3410 621 3467 est
631 3401 794 3467 Artemona
803 3401 836 3465 in
845 3401 982 3467 Asinaria
995 3420 1079 3486 qum,
1093 3401 1163 3468 dote
1175 3400 1294 3489 copiosa

216 3513 380 3592 instructa,
396 3511 487 3578 dotali
512 3530 596 3577 servo
614 3511 706 3589 freta,
726 3528 818 3575 manu
838 3509 924 3575 firma
947 3512 1071 3577 domum
1092 3529 1177 3577 suam
1201 3512 1289 3598 regit.

249 3734 258 3768 ¹
275 3733 308 3792 ll,
323 3736 347 3791 l,
360 3736 401 3781 t5.
414 3732 474 3782 Tros
480 3738 609 3783 contortus
619 3729 695 3780 habui
702 3737 758 3779 ante
771 3730 866 3789 oculos,
883 3729 997 3787 Nandeti,
1010 3730 1036 3779 in
1045 3730 1162 3781 Bibliotb.
1175 3731 1294 3793 lemairo,

218 3812 342 3863 llirsohelii
349 3846 357 3871 ,
369 3812 463 3870 walari,
477 3811 536 3863 adit.
549 3812 621 3861 in·8⁰.
637 3811 738 3861 Praetuli
749 3811 893 3875 plerumque
908 3811 1037 3861 lectionem
1050 3811 1164 3871 Naudeti,
1175 3819 1203 3862 ut
1219 3813 1295 3875 magis

215 3893 385 3957 circumspecti
393 3894 419 3943 in
429 3891 579 3943 emendando
591 3891 691 3950 Plauto,
701 3896 725 3939 et
737 3888 803 3953 quod
812 3891 961 3941 nostratibus
974 3890 1069 3939 facilius
1082 3892 1106 3940 iu
1120 3899 1235 3955 promptu
1248 3899 1293 3941 est.
1386 3912 1397 3921 ·

249 3974 262 4009 ²
277 3974 322 4038 111,
337 3978 360 4034 1,
370 3978 411 4032 δι,
425 3982 449 4023 et
465 3987 520 4037 sqq.
533 3972 634 4035 passim.

249 4054 261 4089 ³
276 4054 363 4104 Nonne
375 4055 420 4103 hac
429 4050 641 4116 Periplectomenis
654 4050 810 4101 insectatione
824 4056 952 4100 revocatur
969 4049 994 4099 in
1015 4057 1121 4099 mentem
1133 4048 1294 4099 Catonianum

216 4134 319 4184 verbum
334 4148 341 4181 ε
358 4133 422 4183 Scito
433 4132 560 4182 dominum
579 4144 624 4194 pro
641 4136 692 4181 tota
703 4129 858 4180 familia-rem
871 4129 978 4179 divinam
991 4129 1079 4177 lacere.
1095 4128 1131 4177 De
1149 4128 1186 4178 Ro
1200 4128 1294 4179 Rustic.

219 4217 276 4265 tto.
288 4214 332 4263 llic
341 4213 560 4278 Periplectomenos
572 4212 657 4275 negligi
670 4218 740 4261 vetus
751 4218 901 4275 praeceptum
914 4208 1040 4273 queritur3
1053 4208 1113 4259 Cato
1125 4209 1215 4259 induta
1229 4208 1295 4272 apud
1353 4230 1356 4233 ⁴

220 4300 312 4353 ramnes
323 4299 444 4357 praeccpta
455 4291 553 4343 vivendi
565 4298 677 4342 testatur.
697 4289 736 4341 Gi.
751 4303 849 4353 quoqne
867 4288 909 4339 illa
920 4301 978 4338 cum
994 4288 1121 4350 questibus
1134 4287 1292 4352 Strepsiadis,

219 4374 356 4437 Aristoph„
368 4373 446 4432 Nau,
461 4374 547 4421 ao-ts.
