3250 5050
784 413 968 481 ..pfl-

339 569 453 630 coram,
472 548 614 616 factione
625 560 839 634 acroenum.
851 529 899 618 ia
910 549 1169 629 attentares,
1182 548 1409 630 nauclero,

337 661 374 725 de
385 659 595 739 Bacchidibus,
611 659 648 724 de
659 659 764 724 ceteris
775 659 983 726 meretricibus
1000 659 1032 725 in
1047 677 1121 744 quas
1135 667 1198 724 tam
1213 658 1309 724 multa
1323 658 1414 745 ingo-

338 778 445 835 runtur
474 768 605 852 probra,
633 785 821 852 quarumque
843 767 939 834 oratio
962 765 1093 834 maxime
1116 766 1256 833 convenit
1281 785 1350 832 cum
1375 776 1411 833 ea

336 875 435 960 effigie
450 894 518 960 quae
529 876 566 940 ah
585 871 767 940 amatoribus
784 884 836 941 aut
852 875 988 941 osorihus
1010 874 1162 960 proposita
1175 884 1232 941 est.
1251 876 1309 940 Ars
1330 873 1414 942 inest

333 984 405 1049 hino
413 982 563 1052 scribendi
575 983 683 1054 tatoni
692 981 897 1052 callidissima.
911 984 987 1053 lude
997 1001 1058 1050 uon
1072 983 1219 1067 imagines
1237 983 1356 1069 pallidus
1379 993 1412 1050 et

334 1093 456 1160 inmrtae
469 1107 502 1160 sc
515 1093 603 1160 nohis
613 1093 762 1170 odernam
777 1102 896 1173 souma,
912 1094 984 1163 licet
996 1111 1214 1178 nonnunquam
1233 1091 1284 1161 vix
1304 1093 1412 1159 adum·

333 1200 436 1280 bratae,
450 1200 534 1285 quasi
542 1199 755 1285 prominentet
767 1199 1147 1288 illustranturplonissims.
1158 1203 1237 1280 Non,
1252 1209 1286 1267 ut
1298 1199 1411 1268 citeris

207 1305 209 1308 ’
334 1328 351 1372 a
363 1318 450 1393 poeta
464 1318 554 1373 motae
566 1325 689 1373 manum
704 1306 828 1373 artificis
841 1318 1021 1392 sequuntur,
1049 1308 1091 1376 ita
1104 1316 1204 1394 partes
1230 1315 1361 1392 aguntur
1376 1307 1409 1373 in

335 1417 433 1482 scenis
448 1439 455 1494 ;
472 1415 576 1482 vivunt
589 1425 663 1482 actae
680 1433 833 1512 persone,
857 1436 955 1504 noque
970 1426 1089 1483 tautum
1102 1413 1301 1500 trepidatione
1322 1414 1411 1480 thea-

333 1525 417 1603 trali;
433 1525 532 1605 sed,si
545 1535 746 1611 spectatorum
775 1525 1017 1592 affabulationem
1037 1521 1226 1615 {dicteriaque
1253 1523 1404 1602 scurrilia,

332 1653 400 1720 queo
411 1632 572 1700 necessitas
596 1633 781 1719 postulabat,
809 1634 914 1712 tolles,
937 1633 1069 1700 viventes
1082 1633 1150 1699 illas
1161 1631 1321 1698 affectuum
1334 1649 1409 1716 pro-

331 1742 472 1827 prietate,
488 1741 657 1828 mentisque
671 1741 784 1808 sincera
800 1741 952 1808 notatione
962 1741 1135 1828 experieris.
1173 1804 1182 1822 ,

378 1847 533 1916 Licebitne
544 1844 620 1913 mihi
634 1847 731 1914 dicere
746 1847 838 1913 vitam
851 1845 998 1915 veriorem
1007 1846 1155 1914 Plautinis
1165 1848 1300 1934 personis
1315 1865 1406 1934 quam

331 1951 519 2026 Terentianis
531 1953 661 2022 afflatam
672 1977 737 2024 esse
750 1951 768 2020 ‘l
783 1955 824 2022 Ut
835 1955 886 2041 qui
900 1975 999 2023 mores
1010 1957 1144 2024 imitatus
1152 1955 1205 2038 sit,
1219 1957 1345 2023 Plautus
1356 1953 1406 2020 rix

334 2088 394 2134 uno
419 2068 510 2133 verbo
535 2084 694 2152 personam
719 2061 850 2146 effinxit,
880 2085 973 2150 quum
1001 2086 1106 2132 omnes
1127 2085 1194 2132 eam
1208 2065 1297 2152 vulgo
1311 2063 1406 2131 visam

335 2193 483 2260 agnovere
497 2170 585 2260 eique
594 2192 707 2238 nomen
722 2192 810 2242 suum
823 2169 969 2240 indidere.
984 2173 1065 2252 Quid
1072 2173 1139 2260 jam
1164 2171 1257 2240 refert
1268 2173 1334 2260 eJus
1358 2171 1409 2239 in·

273 2275 279 2284 ’
330 2283 433 2348 dolem
445 2283 564 2368 longius
578 2282 706 2368 explicet
717 2281 734 2347 ‘l
749 2287 824 2350 Rem
836 2293 907 2369 agat
915 2283 1028 2370 potine,
1041 2294 1074 2350 et
1087 2281 1112 2348 si
1124 2277 1198 2367 quid
1209 2284 1297 2370 paulo
1310 2281 1406 2370 magis

333 2389 563 2470 inconcinnum,
590 2392 668 2456 risus
682 2387 822 2458 movendi
836 2411 942 2472 causa,
970 2402 1060 2478 poeta
1086 2391 1246 2473 addiderit,
1273 2391 1407 2459 manebit

330 2507 432 2569 tamon
454 2499 601 2567 delineata
615 2497 710 2587 figura
735 2519 803 2585 quae
828 2501 1026 2587 nunquamin
1041 2500 1343 2569 oblivionemveniet.
1369 2501 1404 2567 ld

330 2616 449 2675 tantum
460 2604 517 2673 erit
528 2626 648 2673 necesse
661 2618 695 2673 ut
708 2605 752 2672 illi
764 2607 855 2693 primi
869 2609 976 2675 ductus
990 2608 1112 2695 penitus
1128 2609 1355 2695 imprimantur,
1371 2618 1404 2674 et

329 2741 364 2787 ea
378 2728 424 2784 est
437 2716 550 2803 ingenii
574 2714 706 2783 Plautini
718 2717 850 2784 maxima
864 2716 999 2785 facultas.
1015 2722 1083 2787 Nou
1094 2718 1174 2787 idem
1194 2718 1334 2785 Terentio
1344 2718 1402 2784 tri-

329 2831 432 2897 buam.
446 2824 517 2893 Dixi
528 2821 630 2913 prins,
648 2843 701 2892 our
712 2844 810 2892 mores
823 2846 885 2893 suae
894 2824 1249 2913 aetatiseffingereminus
1260 2826 1401 2911 potuerim
1469 2879 1472 2885 .

328 2938 443 3003 indoles
455 2936 546 3023 igitur
567 2932 698 3021 suscepit
721 2933 931 3021 exprimendas
945 2943 1125 3021 naturasque
1142 2935 1292 3001 humanas
1304 2935 1405 3021 potius

329 3062 420 3129 quam
443 3044 592 3110 Romanas
615 3051 666 3110 aut
691 3038 825 3122 Graecas3
840 3040 1002 3129 exemplar·
1018 3043 1141 3128 propius
1160 3042 1323 3109 insectatus
1336 3051 1399 3121 est,

326 3170 432 3223 earum
446 3168 547 3219 rerum
564 3148 714 3237 praecipue
725 3148 844 3217 delectu
857 3150 960 3217 habito
985 3171 1053 3237 quae
1078 3152 1115 3217 ad
1141 3152 1256 3218 nullam
1279 3160 1402 3237 gentem

326 3263 521 3348 pertinerent.
544 3262 658 3345 Nempe
679 3259 746 3344 quis
768 3260 929 3325 contendat
952 3258 1184 3327 Atheniensium
1209 3278 1309 3325 mores
1320 3259 1400 3345 apud

327 3366 502 3439 Terentium
528 3365 654 3453 spectari
679 3364 794 3453 posse?
815 3364 890 3432 ldeo
915 3366 977 3433 suis
1006 3366 1142 3454 personis
1169 3365 1400 3434 subtilissimum

328 3472 491 3561 quemdam
504 3482 657 3561 aspectum
668 3470 766 3553 dedit;
779 3472 927 3541 curiosius
939 3477 1153 3553 nonnullarum
1165 3474 1286 3561 ingenia
1305 3472 1402 3541 infor.-

330 3592 411 3649 mata
422 3590 494 3647 sunt
507 3579 544 3647 ad
556 3580 685 3665 speciem
697 3580 880 3662 'inauditam;
893 3582 924 3647 id
934 3582 1032 3649 dicam
1054 3584 1091 3650 de
1102 3582 1264 3662 Bacchide,
1277 3591 1402 3669 quaeest
1469 3660 1473 3668 ι

330 3692 362 3757 in
376 3694 503 3777 Hecyra,
521 3691 557 3756 de
570 3688 692 3771 Thaide,
704 3691 735 3755 in
750 3690 906 3765 Eunucho.
918 3692 1039 3758 Nullam
1046 3691 1193 3777 ejusmodi
1200 3692 1402 3777 Plautusper-

331 3817 436 3865 sonam
460 3792 592 3865 admisit.
620 3794 754 3882 Glycerae
781 3808 811 3863 et
833 3798 998 3885 Antiphila
1024 3798 1132 3865 similis
1154 3808 1201 3865 est
1226 3796 1396 3865 Silenium:

252 3928 253 3931 ’
330 3915 443 3993 quanto
456 3926 526 3975 vero
539 3911 663 3992 praestat
674 3904 764 3991 hujus
778 3906 895 3993 imago,
918 3905 944 3972 si
968 3906 1006 3973 ad
1017 3905 1078 3971 rim
1093 3905 1234 3993 respicias
1249 3903 1255 3969 l
1272 3906 1356 3992 Syra
1369 3914 1400 3971 et

330 4015 489 4083 Philotidis
518 4031 685 4081 sermonem
714 4011 849 4081 referunt
879 4015 995 4101 Scapha
1023 4026 1053 4081 et
1083 4014 1312 4094 Philematium,
1348 4012 1401 4079 sed

330 4135 442 4210 quanto
458 4120 575 4191 lortius!
591 4120 658 4208 quis
673 4121 839 4188 Phronesio
855 4133 1007 4209 comparet
1022 4120 1202 4190 Bacchidem
1216 4120 1399 4189 Heautonti-

331 4251 526 4312 morumeno,
551 4240 602 4298 aut
623 4240 775 4297 matronas
799 4231 993 4299 Terentianas
1007 4233 1195 4311 Artemone,
1211 4232 1394 4309 Cleostratae,

330 4339 493 4428 Dorippae‘l
506 4342 573 4407 Non
588 4338 703 4405 infitior
722 4339 796 4424 quin
808 4360 871 4406 suaa
886 4342 947 4407 sint
963 4340 1100 4407 Terentio
1117 4340 1258 4419 virtutes,
1276 4358 1349 4423 quas
1365 4338 1397 4403 in
