3250 5050
660 443 841 510 ...63-

213 603 282 655 eum
295 585 356 654 illis
369 585 542 666 manauere,x
554 595 585 652 et
591 585 672 652 illius
686 603 812 653 uxorem
821 583 966 653 uberibus
971 583 1037 650 suis
1049 601 1203 672 serverum
1211 607 1286 654 sue·

214 712 281 763 rum
295 695 374 762 fiIios
386 695 495 761 aluisse
509 696 534 760 ¹.
552 697 651 775 Quam
665 694 869 763 diversitatem
883 694 1045 760 effectarum
1059 692 1202 780 singulari
1215 694 1285 764 diIi-

211 805 311 891 gentia
323 803 534 872 animadvertit
545 813 576 870 et
589 803 875 890 expressitPIautus,
892 802 924 869 in
936 802 1007 884 illis,
1022 819 1098 887 quas
1109 802 1284 872 ancillarum

212 913 343 995 effinxit,
361 912 556 999 imaginibus.
1258 984 1265 998 ‚

256 1023 399 1101 Quaeram
424 1037 504 1087 nune
531 1037 623 1106 quara
646 1023 747 1089 minus
766 1039 867 1088 meres
885 1021 936 1088 sui
959 1021 1103 1107 temperis
1128 1022 1285 1088 Terentius

214 1129 360 1196 retulerit.
376 1127 465 1196 Visus
478 1140 524 1196 est
536 1130 652 1197 indoles
671 1129 829 1197 hominum
841 1131 980 1198 universe
993 1140 1206 1217 consepterum
1216 1149 1285 1197 amu
1353 1120 1358 1128 ’

209 1238 315 1323 plexus
328 1253 394 1304 esse
405 1237 606 1324 potiusquam
618 1237 807 1324 singulorum
823 1249 855 1305 et
864 1255 988 1306 suorum
1000 1237 1176 1324 aquarium.
1192 1241 1285 1325 Spee

209 1356 308 1411 temus
321 1345 403 1411 enim
417 1363 475 1432 qua
487 1355 575 1413 aetate
592 1343 709 1412 vixerit.
728 1345 800 1434 Ejus
811 1358 962 1433 tempere,
983 1346 1062 1413 nibil
1084 1368 1123 1414 ex
1146 1347 1193 1414 his
1216 1367 1285 1432 qun

210 1453 471 1520 PIautumaeriter
494 1453 671 1541 pepulerant
682 1461 846 1540 supererat.
863 1457 963 1522 Mores
973 1455 1005 1520 is
1016 1453 1180 1542 perniciem
1192 1456 1284 1521 ineli-
1307 1481 1325 1495 ·

209 1560 272 1626 nati
288 1569 419 1628 ruerant.
439 1561 668 1629 Redeuntibuse
681 1563 760 1629 belle
770 1563 905 1630 Galatiae
919 1561 1090 1648 legionibus
1100 1563 1218 1629 luxuria
1232 1562 1283 1630 in·

210 1670 327 1751 cubuit,
341 1689 412 1738 eum
424 1691 478 1736 sue
490 1672 636 1737 scelerum
649 1671 786 1736 emnium
796 1673 1007 1756 malarumque
1013 1671 1125 1739 artium
1138 1683 1170 1739 et
1179 1673 1280 1758 turpi-

209 1777 349 1844 tudinum
363 1777 506 1844 eomitatu
517 1777 542 1844 ⁸.
560 1779 696 1846 Plurima
710 1778 842 1844 facinere
860 1789 894 1844 et
909 1779 1040 1846 maxime
1058 1779 1206 1848 horrenda
1223 1781 1281 1846 ad·

208 1883 405 1952 mittebantur
424 1888 462 1953 ab
479 1887 630 1954 omnibus.
652 1889 718 1952 Ima
738 1886 858 1952 medius
878 1889 953 1953 erdo
978 1887 1105 1969 civium,
1130 1887 1284 1955 diuturnis

209 1993 480 2076 beilisexbaustus‚
492 1997 556 2083 jam
571 1996 808 2080 ferelexstinetus
819 1978 894 2062 erat.
904 1998 985 2076 erid
996 2017 1065 2064 vero
1074 1998 1282 2084 pIusmateriae

208 2099 321 2168 semite
332 2110 446 2187 poetae,
461 2103 548 2190 eujus
559 2103 637 2189 juris
656 2103 770 2189 priuata
793 2103 854 2168 vita
875 2104 1025 2190 precipue
1050 2116 1113 2186 est,
1137 2104 1282 2190 prestat?

209 2212 285 2281 Tum
305 2235 375 2282 vere
397 2217 474 2283 nihil
500 2228 564 2283 erat
583 2235 743 2284 commune
764 2218 845 2284 inter
862 2221 1033 2285 consulares
1059 2219 1284 2304 senatoriosrpre

207 2320 286 2390 'viros
297 2336 328 2392 et
341 2325 478 2391 infimam
492 2327 611 2412 plebem
636 2327 673 2392 ad
687 2345 776 2393 amne
791 2328 956 2413 flagitium,
970 2328 1045 2394 dum
1055 2344 1172 2395 meroes
1184 2330 1282 2395 sobe-

207 2444 299 2516 retur,
317 2432 469 2520 paratam!
482 2434 838 2522 Majereserantnebiles,
852 2455 943 2521 quun
955 2435 1282 2522 quosauderetaliquis

208 2544 341 2633 aggredi.
357 2548 451 2614 Multo
476 2555 545 2611 ante
571 2545 602 2612 id
626 2557 760 2612 senserat
782 2546 913 2615 Nerine.
931 2546 1281 2631 reseruassemus

207 2650 330 2738 plurimi
355 2662 441 2734 sunt,
466 2653 570 2740 josum
592 2652 755 2738 effiagiunt.
785 2655 928 2721 Restabat
953 2654 1052 2721 adhue
1070 2672 1182 2735 aurun,
1198 2656 1281 2740 quaed

205 2760 361 2847 preripuit
384 2762 553 2841 Terentius,
572 2762 684 2827 scilieet
697 2773 732 2828 ut
748 2764 925 2829 Grammm
948 2763 1080 2844 fabulae,
1098 2774 1164 2831 tum
1183 2759 1282 2847 magis

205 2879 306 2949 notas,
333 2888 458 2936 romane
483 2887 621 2935 sermone
642 2864 839 2956 diminueret,
863 2869 896 2934 in
914 2888 1043 2954 eamque
1065 2887 1189 2956 emam
1212 2886 1279 2935 en-

204 2994 275 3042 nem
296 2974 345 3041 sui
369 2975 484 3063 ingenii
508 2975 728 3062 jucunditatem
745 2984 779 3041 et
800 2974 993 3043 drdoedinem
1013 2975 1135 3043 infudit
1151 2976 1232 3043 Laus
1251 2977 1279 3041 ei

204 3095 250 3150 est
263 3085 343 3171 qaand
354 3084 385 3151 id
396 3084 512 3171 optim
526 3083 639 3165 effecit,
669 3094 701 3149 et
711 3104 765 3171 per
779 3102 850 3149 eum
864 3103 959 3171 graeca
983 3084 1168 3172 exemplaria
1189 3104 1278 3170 pers-

202 3192 347 3278 picimus,
365 3202 400 3260 ut
410 3192 537 3261 Romani
548 3210 647 3259 meres
661 3212 715 3279 per
725 3194 869 3260 Plautum
883 3193 970 3261 nobis
982 3204 1098 3281 patent.
1345 3229 1350 3238 ·

668 3445 671 3450 .
691 3434 788 3449 *-

258 3668 310 3720 vl.
329 3688 380 3700 -
398 3670 505 3734 QUAM
535 3668 667 3723 ARTEM
694 3670 733 3723 IN
762 3670 1014 3724 DEPINGENDIS
1041 3669 1221 3724 PERSONIS

376 3793 631 3847 MULIEBRIBUS
659 3792 827 3847 nisurus
855 3794 1105 3848 ADHIBUEIIII'.

251 3968 326 4047 Quae
346 3986 424 4053 saepe
443 3966 560 4033 laudavi
579 3928 685 4053 supra,
703 3986 830 4054 quaeque
842 3990 879 4035 ex
900 3990 937 4036 eo
956 3968 1090 4056 decerpsi
1106 3970 1273 4065 fragmenta
1345 3951 1347 3955 ’

204 4072 356 4141 notionem
369 4074 448 4140 haud
459 4073 663 4160 imperfectam
674 4078 810 4161 praebent
820 4078 892 4143 artis
905 4097 963 4162 qua
977 4077 1014 4144 ad
1025 4076 1093 4142 illas
1105 4078 1274 4164 producen-

235 4298 243 4331 1
259 4293 324 4343 Plut.
337 4292 396 4342 Cato
408 4292 549 4355 maian-²
560 4295 589 4344 Τ.
599 4294 628 4345 L.
638 4292 754 4356 XXXIX,
769 4301 792 4347 d.
805 4297 895 4360 Polyb.
905 4295 1000 4357 XVIII,
1012 4301 1056 4358 re,
1067 4298 1105 4348 Id,
1114 4298 1215 4358 XXXII,
1228 4303 1271 4358 ¹¹3

203 4371 273 4421 Diod.
284 4372 410 4432 XXXVII,
424 4376 448 4422 3.

1040 4467 1061 4508 X<
