3250 5050
674 423 856 486 ..35-

231 566 294 624 tuto
306 557 461 624 dramatici
473 561 583 644 operis,
596 559 719 624 Plautus
731 577 784 643 per
795 558 861 646 ejus
873 579 906 622 os
927 561 1085 646 prompsit.
1102 561 1175 628 Mihi
1189 557 1311 628 ridetur

230 666 281 731 illa
293 666 409 745 forsan,
432 666 533 733 habita
547 676 718 732 nostrorum
738 667 989 752 antiquorumque
1001 685 1120 734 morum
1133 669 1305 756 discrepan-

229 774 280 838 tiae
302 774 436 854 ratione,
460 794 528 842 cum
540 776 657 860 Agnete
677 776 793 842 lllolerii
813 797 900 861 posse
922 776 1061 842 conferri.
1089 777 1129 843 Se
1151 779 1262 844 mirum
1274 779 1305 842 in

231 883 355 948 modum
368 883 507 963 facilem,
521 893 552 950 et
571 883 702 969 ingenue
714 904 781 951 nec
801 885 963 969 injucunde
985 888 1163 970 superbam,
1193 888 1231 951 ob
1243 886 1308 951 dis-

230 990 371 1076 ciplinam
382 991 585 1076 quamodocta
596 1001 661 1072 est,
682 994 796 1079 praehet
811 1015 819 1055 z

762 1177 852 1227 Facere
865 1185 959 1227 eertum
971 1179 1001 1227 'st
1013 1213 1021 1236 ‚

357 1257 404 1306 Pro
415 1257 483 1320 copia
497 1263 520 1306 et
532 1257 662 1320 sapientia,
677 1271 732 1320 quae
744 1263 766 1305 te
776 1257 838 1306 velle
850 1257 996 1306 arbitrabor.

358 1339 480 1401 Namque,
490 1338 589 1401 edepol,
600 1338 712 1400 quidem,
724 1339 757 1387 mi
770 1351 859 1396 senex,
870 1353 920 1388 non
934 1338 1006 1389 didici
1017 1340 1134 1403 bajulare.

358 1417 407 1466 Nec
419 1431 495 1480 pecua
507 1418 560 1468 ruri
572 1429 683 1480 pascere,
699 1432 742 1466 nee
755 1431 846 1479 pueros
858 1419 988 1467 nutricare.

358 1497 392 1546 De
402 1497 506 1568 lanificio
520 1497 640 1546 neminem
654 1503 748 1556 metuo,
759 1510 809 1546 una
818 1503 888 1545 aetate
900 1511 955 1560 quae
965 1498 996 1547 sit
1006 1499 1025 1544 ¹.

279 1667 353 1745 Vide
365 1689 399 1744 ut
408 1678 587 1764 respondeat
598 1678 635 1743 ad
647 1698 682 1744 ea
693 1698 760 1763 quae
772 1679 908 1756 obscure,
921 1699 975 1765 pro
988 1699 1058 1749 sene
1068 1681 1222 1761 dissoluto,
1238 1703 1308 1766 pro-

234 1788 319 1872 ponit
330 1787 537 1875 Lysimachus:

358 1973 433 2024 (ivero
447 1975 609 2026 tihieccillam
620 1976 696 2036 daho,
711 1985 758 2026 ete.

359 2055 420 2105 Eam
431 2056 452 2104 si
465 2055 577 2114 curabis,
586 2056 695 2119 perbona
706 2055 751 2112 ‘st,
764 2055 879 2104 tondetur
889 2054 991 2104 nimium
1001 2057 1060 2106 scite
1069 2061 1089 2102 1.

235 2239 273 2302 At
283 2238 485 2324 Pasicompsa:

359 2425 465 2476 Honoris
477 2436 550 2474 causa
562 2423 680 2489 quidquid
693 2386 941 2488 est1quoitdabitm,
954 2431 1049 2487 gratum
1060 2425 1163 2477 habebo.

234 2618 323 2681 Error
334 2596 336 2601 ¹
348 2613 413 2700 ejus
435 2611 532 2696 paulo
549 2606 626 2677 infra
644 2606 849 2693 confessioque
867 2606 978 2673 amoris
999 2609 1138 2695 exemplo
1155 2628 1220 2674 esse
1244 2611 1309 2675 llo-

236 2723 492 2809 leriopotuerunt:

360 2924 459 2973 Ecastor
467 2922 518 2985 jam
528 2920 654 2971 biennium
668 2926 716 2977 est,
726 2931 803 2981 quum
813 2930 908 2967 mecum
923 2931 975 2967 rem
989 2920 1072 2983 eoepit.

359 3002 443 3059 Nunc,
453 2999 550 3064 quando
564 2999 667 3048 ornicum
678 3005 702 3047 te
716 2998 765 3047 scio
776 3011 829 3046 esse
843 2996 924 3055 illius,
939 2996 1060 3045 indicabo.

359 3082 390 3131 Et
400 3081 464 3129 inter
477 3093 523 3129 nos
532 3077 727 3141 conjuravimus,
738 3090 782 3138 ego
791 3089 848 3124 cum
858 3075 915 3134 illo,
925 3081 950 3123 et
959 3074 999 3123 ille
1011 3086 1106 3123 mecum
1112 3108 1121 3133 ,

360 3161 411 3224 Ego
424 3174 480 3209 curn
491 3158 556 3215 viro,
566 3164 591 3207 et
602 3157 643 3206 ille
655 3170 712 3205 curn
722 3155 824 3204 muliere
839 3154 904 3205 :uisi
912 3167 969 3203 curn
985 3154 1042 3211 illo,
1054 3160 1096 3203 aut
1108 3153 1149 3203 ille
1159 3166 1254 3203 meeum

360 3242 449 3291 Neuter
459 3239 539 3302 stupri
549 3252 622 3288 causa
633 3244 704 3299 caput
716 3234 812 3285 limaret
822 3236 842 3283 ³.

281 3423 348 3489 Alia
359 3431 406 3491 est
415 3420 640 3489 Philematium.
662 3422 758 3487 Nemo
769 3415 891 3482 infitiari
901 3423 998 3500 potest
1009 3416 1082 3499 quin
1095 3415 1231 3501 placendi
1241 3426 1308 3484 stu-

237 3533 319 3599 diosa
329 3534 379 3614 sit,
394 3542 425 3599 et
436 3533 532 3599 cultus
543 3528 690 3615 elegantis
699 3526 817 3612 cupida.
831 3526 955 3592 Curiosa
968 3534 1015 3591 est
1024 3525 1070 3592 sui
1080 3528 1190 3607 rulers,
1203 3528 1309 3612 suique

237 3633 369 3710 habitus:

362 3827 516 3890 Contempta,
526 3828 623 3886 amabo,
634 3840 688 3877 moe
696 3823 801 3886 Scapha,
815 3821 885 3871 satin’
894 3822 946 3871 liaee
958 3836 997 3871 me
1006 3822 1080 3871 restis
1090 3821 1184 3880 doceam

363 3905 412 3955 Suo
425 3908 514 3970 quique
526 3908 580 3957 loco
587 3941 595 3967 ,
607 3905 696 3963 viden',
706 3902 807 3966 capillus
817 3901 875 3951 satis
888 3903 1024 3965 compositu
1034 3902 1065 3950 'st
1074 3900 1199 3951 commode
1204 3901 1224 3947 ⁴.
1292 3949 1294 3952 ,

272 4135 281 4169 ¹
292 4135 366 4185 Marc.
378 4134 421 4192 111,
435 4140 459 4193 1,
472 4139 497 4194 ’1,
507 4138 532 4193 9,
545 4137 616 4183 at·-
628 4134 640 4169 ἵ
650 4135 687 4185 ld.
703 4135 739 4183 id.
750 4134 785 4183 id.
796 4136 838 4191 26,
851 4136 896 4190 2¹1,
910 4129 1018 4180 eccillum
1024 4141 1070 4191 pro
1085 4126 1205 4177 ancillam
1219 4126 1309 4189 recipio

241 4232 295 4268 curn
315 4215 427 4280 plurimis
441 4213 627 4275 codicibus-,³
641 4214 678 4263 ld.
692 4213 737 4272 lIl,
752 4217 778 4272 l,
792 4216 839 4269 35,
851 4214 882 4259 37
900 4218 923 4259 et
939 4222 992 4272 sqq.
1016 4207 1134 4265 Quartum
1152 4221 1183 4256 ex
1196 4208 1234 4256 his
1246 4206 1311 4256 delet

240 4296 384 4347 liitselrelirm
393 4294 555 4344 Ambrosiano
565 4293 647 4343 codice
656 4294 742 4353 fretus,
754 4292 847 4343 retineo
856 4286 1034 4350 complurimis
1043 4298 1103 4335 mss.

273 4375 286 4410 ⁴
298 4376 400 4427 Mortem
414 4375 434 4433 l,
445 4378 470 4433 3,
481 4377 511 4424 10
525 4381 548 4422 et
558 4377 596 4423 9¹1.
