3250 5050
661 375 845 448 Lis-

260 527 375 592 Praeter
395 527 590 610 sponsionem
619 525 794 609 nuptiarum
815 522 1004 607 legitimam,
1029 525 1194 590 stillatam
1215 526 1296 612 inju-

128 683 134 689 -
215 630 310 714 riam,
326 633 514 719 paucissimae
531 643 619 698 erant
630 651 728 698 causae
751 631 789 697 ob
801 646 877 716 quas
891 631 923 694 in
937 631 1092 725 publicum
1105 634 1214 717 puellae
1226 635 1307 718 pos?

213 752 281 808 sent
292 742 390 808 educi.
406 745 487 808 Duas
500 751 603 806 tamen
614 749 762 806 memorat
775 740 901 804 Plautus
914 790 921 817 ‚
932 749 965 804 et
976 759 1028 804 eas
1040 739 1297 806 animadversione

215 851 432 936 dignissimas,
455 849 527 916 belli
539 847 759 924 calamitatem,
777 864 962 932 usuramque
974 866 1065 932 quam
1085 867 1210 914 suorum
1230 859 1299 914 tan-

215 977 310 1042 quam
328 958 454 1024 dominii
468 967 552 1042 pater
562 956 643 1022 facit.

267 1065 391 1132 Telestis
404 1067 436 1132 in
449 1064 572 1154 Epidico
586 1083 689 1130 recens
702 1072 787 1146 capta
801 1072 847 1128 est
859 1085 866 1142 ;
890 1063 1025 1129 nondum
1047 1065 1111 1128 ullo
1128 1063 1218 1129 modo
1231 1063 1301 1128 diu-

219 1174 301 1239 turni
325 1173 437 1239 servitii
463 1171 651 1237 allectionem
674 1179 726 1235 aut
746 1171 884 1255 pessimae
909 1171 1106 1237 institutionis
1133 1171 1237 1238 sensit.
1263 1172 1302 1236 Ut

218 1303 287 1367 quae
307 1282 491 1368 lepidissima
518 1281 575 1368 sit,
602 1281 702 1346 forsan
721 1279 827 1344 infami
842 1281 979 1346 servituti
1004 1291 1083 1347 esset
1101 1281 1248 1360 obnoxia,
1272 1289 1303 1343 et

122 1436 124 1444 .
222 1391 255 1455 in
267 1391 459 1457 meretricum
469 1390 606 1455 ordinem
618 1389 780 1468 recederet,
794 1389 853 1454 nisi
865 1390 993 1456 fortunae
1005 1391 1150 1457 beneficio
1163 1391 1190 1455 ei
1200 1409 1305 1455 occur-

223 1487 302 1564 reret
324 1499 476 1584 Epidicus.
502 1500 542 1563 At
561 1496 739 1563 memoriam
754 1517 920 1582 sensusque
942 1499 1089 1565 libertatis
1108 1500 1246 1592 serravit.
1265 1499 1306 1563 Ut

224 1610 357 1695 primum
383 1611 500 1674 locutus
526 1618 571 1674 cst
598 1627 720 1686 servus,
752 1609 921 1688 exclamat3
948 1629 1003 1674 nec
1030 1609 1142 1675 laetitiae
1158 1609 1304 1694 impetum

225 1719 396 1786 dissimulat
410 1769 418 1796 ,
442 1737 536 1802 quum
555 1716 648 1783 libera
662 1724 749 1780 estet
763 1717 843 1801 apud
856 1726 1016 1802 parentes:

353 1905 383 1953 ui
395 1919 434 1954 me
444 1919 475 1954 ex
484 1906 577 1968 perdita
587 1913 706 1954 servatam
720 1904 823 1965 cupiunt
843 1936 851 1960 ,
865 1905 886 1953 si
895 1918 952 1953 vcra
963 1904 1112 1952 summast!

133 2109 137 2118 ·
210 2069 333 2132 'Unum
345 2069 498 2156 exprimis
509 2069 608 2136 verbis
626 2068 664 2132 ad
685 2046 801 2152 patrem
813 2047 1016 2150 spectaverat:

355 2257 440 2317 Quid?
451 2265 520 2320 pater
533 2271 613 2306 meus.
624 2255 692 2306 Vivo'
706 2257 749 2304 stt
762 2256 774 2303 i

232 2421 340 2504 Aspice
352 2429 387 2486 ut
401 2420 630 2504 Stratippoclem
642 2419 780 2485 cohibeat
795 2441 802 2482 :

359 2606 428 2656 Nunc
441 2606 505 2655 enirn
518 2614 545 2655 tu
558 2620 612 2656 mee
621 2622 663 2667 es,

234 2772 278 2837 ait
292 2771 481 2850 adolescens3
507 2780 537 2835 at
549 2771 599 2835 illa
614 2792 621 2833 2

364 2956 437 3008 Soror
449 2955 547 3019 quidem
559 2990 567 3016 ‚
581 2955 686 3018 edepol,
699 2964 727 3005 ut
740 2963 767 3004 tu
779 2970 850 3019 aequc
861 2958 951 3020 sciasss.

282 3120 380 3205 Vulgo
389 3119 561 3185 meretrices
571 3120 702 3205 aliquem
712 3119 816 3184 dolum
831 3116 868 3184 ad
880 3120 994 3186 exitum
1012 3121 1191 3209 perducunt.
1224 3123 1316 3191 Plau·
1367 3131 1369 3134 ’

237 3238 287 3293 tus
306 3237 407 3293 autem
427 3226 459 3291 in
477 3230 569 3293 Persa
590 3228 722 3312 puellam
744 3227 908 3312 ingenuam
926 3229 1013 3295 nobis
1027 3239 1156 3294 ostentat
1167 3231 1317 3297 consciam

241 3347 271 3402 et
291 3337 468 3424 adjutricem
492 3337 601 3403 laetam
622 3337 699 3401 servi
720 3336 879 3402 mulierem
900 3347 1031 3402 amatam
1046 3337 1151 3404 fraude
1164 3340 1318 3406 abducen-

239 3446 279 3511 tis
292 3466 308 3509 a
322 3448 441 3511 lenone.
457 3446 497 3511 At
510 3455 594 3530 pater
605 3445 686 3510 illius
698 3453 744 3510 est
756 3445 916 3531 parasitus.
934 3448 1010 3511 Rem
1022 3447 1191 3512 mirandam
1203 3444 1209 3511 l
1220 3451 1319 3514 Homo

238 3554 389 3639 ingenuus
400 3553 438 3619 ad
451 3554 636 3619 voluntatem
647 3552 770 3619 alterius
780 3554 881 3618 servili
890 3553 1061 3620 conditione
1072 3556 1113 3621 ita
1123 3556 1316 3637 convertitur,

242 3672 277 3727 ut
301 3661 329 3727 ei
354 3661 507 3747 propriam
529 3660 623 3727 liliam
642 3661 752 3727 tradat.
775 3660 880 3745 Inopia
901 3662 940 3726 ad
961 3661 1122 3749 indignum
1142 3666 1321 3749 obsequium

207 3838 210 3845 .
244 3794 295 3840 eos
317 3774 467 3859 impellit,
488 3775 598 3859 quibus
615 3774 764 3860 praecipue
780 3793 849 3839 vera
866 3774 1023 3862 disciplina
1044 3776 1156 3857 deluit,
1176 3796 1322 3863 quorm-

244 3904 303 3969 que
337 3884 457 3951 animus
485 3904 547 3949 non
570 3882 680 3949 mansit
702 3882 829 3967 integer.
855 3887 936 3965 Iste,
972 3886 1030 3951 nisi
1055 3885 1139 3972 prius
1165 3896 1323 3971 corruptus

244 4004 344 4072 esset,
368 4014 429 4059 non
449 4012 514 4058 rem
536 3991 715 4058 familiarem
740 3992 966 4078 absumpsisset.
996 3995 1036 4059 Ut
1065 3995 1102 4059 ad
1133 3994 1322 4079 parasiticam

246 4121 369 4189 operam
401 4101 614 4180 descenderet,
641 4120 761 4167 necesse
784 4112 831 4167 est
859 4122 930 4168 eum
956 4102 1049 4168 luisse
1078 4122 1219 4187 nequam.
1249 4105 1325 4183 Quis

283 4337 293 4370 ¹
306 4338 405 4399 Epidio.
420 4337 449 4389 Υ.
463 4341 486 4396 1,
499 4340 540 4385 37.
550 4336 602 4373 -2
616 4336 653 4385 ld.
667 4336 702 4384 id.
717 4336 753 4384 id.
765 4338 803 4384 36.
815 4336 868 4371 -3
882 4335 1065 4384 lutatam.
