3250 5050
770 414 815 424 ..
840 378 882 442 34
903 412 952 454 Ι..

323 492 456 586 ceterum
480 518 552 584 hero
565 518 735 584 immaniori
756 518 857 595 servit,
872 534 963 609 quam
986 526 1029 594 ut,
1058 534 1152 600 quum
1170 527 1266 581 cessat
1277 523 1400 601 propter

325 627 435 713 impuri
458 627 601 692 Ballionis
625 625 759 710 turgidas
779 621 900 690 facetias
921 633 1040 690 coortus
1064 624 1161 703 risus,
1187 645 1247 690 non
1261 634 1399 690 nascatur

325 746 416 802 tantce
429 734 619 802 demissionis
629 733 794 816 fastidium,
810 743 841 800 et
854 731 977 800 affectus
989 736 1037 799 vel
1048 727 1243 800 amoenissimi
1256 737 1318 798 non
1329 733 1400 797 inde

326 845 508 928 polluantur.

371 951 540 1018 Meretrices
552 1003 559 1028 ‚
572 971 646 1036 quas
659 953 758 1035 priore
771 952 836 1015 loco
848 970 885 1016 ex
899 951 1070 1016 inventione
1083 949 1221 1016 Plautina
1235 948 1377 1033 descripsi
1390 995 1398 1024 ‚

324 1063 386 1126 lere
397 1081 501 1126 omnes
511 1060 613 1127 liberae
626 1050 707 1126 sunt.
725 1059 781 1126 Hae
792 1069 894 1125 contra
906 1059 968 1126 lere
984 1077 1089 1125 ornnes
1104 1057 1278 1124 arctissimis
1295 1058 1399 1122 vincu-

324 1169 361 1235 lis
373 1168 578 1254 impediuntur
591 1169 752 1254 quominus
774 1167 927 1233 amoribus
949 1167 1136 1251 indulgeant.
1157 1167 1356 1253 Gymnasium
1369 1172 1400 1228 et

324 1276 498 1342 Philenium
510 1275 752 1360 turpissimarum
764 1284 897 1340 matrum
909 1274 1045 1360 imperiis
1057 1284 1175 1360 parent.
1191 1272 1400 1338 Lemniselene

322 1391 355 1448 et
374 1383 570 1450 'Phoenicium
591 1386 734 1450 lenonum
756 1383 889 1450 maxime
909 1382 1075 1447 invisorum
1095 1383 1127 1446 in
1147 1391 1293 1466 potestate
1308 1390 1398 1457 sunt;

324 1491 408 1576 rapta
439 1502 484 1557 est
515 1491 790 1568 Philocomasium,
827 1491 928 1556 forsan
954 1500 1074 1575 propter
1099 1490 1270 1554 simulatam
1297 1485 1403 1552 matris

324 1600 485 1665 inscitiam.
510 1599 725 1679 Queenamluit
746 1617 832 1663 mens
846 1599 967 1683 poetae‘l
990 1600 1099 1664 Utrum
1121 1598 1226 1664 habuit
1249 1597 1282 1661 in
1301 1595 1403 1661 animo

326 1706 413 1772 nohis
425 1706 581 1772 ostendere
593 1705 659 1771 illas
674 1725 797 1784 omnes,
822 1716 852 1770 et
874 1716 995 1792 propter
1007 1708 1101 1772 bonas
1115 1705 1207 1771 animi
1227 1706 1327 1783 dotes,
1341 1723 1401 1768 non

324 1816 457 1897 potuisse
478 1814 617 1901 expedire
640 1834 672 1878 se
692 1813 803 1880 inlelioi
820 1813 921 1880 sorte?
944 1816 991 1879 An
1014 1813 1217 1881 dicerevcluit
1231 1822 1398 1898 quantum,

325 1943 413 1988 causa
426 1941 530 1988 earum
543 1923 668 2003 amoris,
685 1922 778 2007 ipsius
792 1921 971 1989 conditionis
982 1923 1103 1988 miseria
1113 1922 1245 1988 vitietur.
1262 1922 1399 1998 Plautus,

326 2042 360 2096 ut
379 2033 431 2126 qui
454 2052 573 2098 morum
585 2031 624 2096 sit
634 2030 892 2122 studiosissimus,
913 2033 965 2097 illa
976 2033 1100 2097 fortasse
1112 2032 1169 2097 sibi
1180 2029 1344 2117 proposuit.
1360 2029 1400 2094 nt

326 2151 406 2206 certe
420 2141 490 2206 talia
504 2141 631 2226 legentis
643 2140 743 2206 animo
757 2149 927 2220 occurrunt,
940 2149 970 2205 et
992 2151 1112 2226 propter
1125 2141 1222 2226 ipstur
1232 2139 1400 2225 imaginum

327 2262 358 2315 et
371 2252 518 2317 sermonis
531 2252 731 2336 asperitatem,
747 2260 863 2316 nature
874 2249 1059 2316 simillimam
1071 2304 1078 2330 ,
1087 2250 1237 2337 judicium
1254 2250 1402 2338 ejusmodi

296 2399 297 2404 κ
328 2367 489 2450 colligitur.
865 2376 869 2384 '
965 2433 970 2440 ¹

375 2478 425 2541 Eae
447 2475 485 2541 de
507 2475 614 2559 quihus
637 2493 717 2540 nunc
740 2473 992 2549 immolassem,
1012 2473 1142 2557 speciem
1166 2475 1255 2558 longe
1279 2474 1317 2539 ab
1336 2472 1402 2537 aliis

329 2584 490 2675 distantem
504 2602 566 2667 prae
579 2600 611 2647 se
623 2583 733 2675 lerunt.
750 2582 941 2667 Pasicompsa
961 2591 990 2648 et
1012 2583 1224 2649 Philematium
1240 2582 1402 2648 dissimiles

329 2702 399 2759 sunt
409 2710 470 2758 non
483 2691 572 2757 modo
586 2691 766 2772 Phronesio,
778 2692 987 2784 Bacchidibus,
1017 2693 1217 2758 Acroteleutio
1236 2692 1402 2777 ceterisque

329 2806 464 2892 ejusdem
478 2803 596 2889 generis
622 2804 695 2883 ,sod
715 2788 806 2870 etiam
820 2804 968 2883 Philemo,
983 2805 1221 2884 Philocomasio,
1240 2806 1400 2870 Lemnise-

331 2920 398 2983 lene
420 2926 450 2981 et
471 2914 638 2981 Phoenicio.
663 2917 774 2981 Eorum
786 2925 881 2981 status
901 2917 1001 2981 minus
1020 2918 1154 3003 abjectus
1173 2926 1237 2997 est,
1252 2935 1351 2983 sermo
1370 2926 1403 2981 et

331 3046 435 3091 sensus
448 3024 579 3121 altiores.
1345 3080 1351 3089 ,

325 3161 330 3173 ·
375 3133 587 3199 Famulahatur
597 3133 787 3219 Pasicompsa
800 3134 832 3197 in
844 3134 969 3200 honesto
983 3136 1083 3200 domo.
1102 3135 1236 3201 Perdidit
1250 3153 1317 3200 eant
1328 3154 1401 3200 rasus

329 3242 449 3325 illeque
464 3241 540 3307 servi
552 3240 664 3307 debant
679 3242 809 3307 dominis
822 3243 961 3309 ludibria.

453 3426 604 3495 Diseubitum
617 3434 692 3475 noctu
703 3434 730 3475 ut
743 3428 822 3486 imus,
834 3442 888 3478 ecoe
898 3430 928 3477 ad
939 3444 977 3479 me
987 3432 1084 3480 advenit

453 3508 552 3568 Mulier,
566 3524 614 3571 qua
625 3510 712 3559 muller
723 3511 768 3559 alia
782 3511 850 3559 nulla
862 3512 892 3560 ’st
904 3512 1028 3575 pulchrior
1041 3530 1048 3561 ε

452 3587 487 3635 Ea
497 3594 567 3636 nocte
576 3600 672 3637 mecum
684 3590 725 3638 illa
735 3590 838 3653 hospitis
847 3590 919 3653 Jussu
930 3591 976 3641 luit
986 3593 1007 3638 ¹.

328 3748 507 3833 Intelligitur
531 3748 679 3832 quomodo
704 3750 761 3817 sihi
784 3752 907 3817 Charini
934 3753 1068 3820 animam
1093 3757 1304 3823 conciliaverit.
1332 3759 1399 3826 Non

328 3858 483 3943 ingeniosa
509 3868 573 3937 ost,
597 3867 628 3922 ut
652 3859 789 3943 pessimae
816 3861 999 3928 muliercule
1021 3883 1095 3948 quas
1114 3870 1212 3951 supra'
1225 3865 1396 3945 nominaui,

252 3984 255 3989 ·
329 3976 379 4032 aut
397 3966 533 4050 quaedam
552 3966 618 4032 aliae
639 3986 711 4051 quas
728 3966 805 4033 inlra
822 3970 994 4054 producam.
1017 3972 1076 4037 Sed
1093 3992 1162 4039 vere
1178 3983 1268 4053 amat,
1287 3960 1398 4059 'pudico

329 4075 479 4159 loquitur3
495 4075 600 4141 omitto
612 4076 693 4141 enim
714 4074 836 4142 dicteria
859 4077 910 4143 illa
934 4075 971 4145 dc
991 4077 1111 4146 leminis
1123 4135 1130 4161 ,
1144 4097 1210 4167 quae
1222 4135 1229 4163 ,
1243 4097 1297 4167 pro
1311 4080 1399 4145 insti-

360 4305 368 4336 ¹
381 4308 510 4367 Mercator,
525 4311 618 4372 prolog.
629 4314 668 4358 99,
