<?xml version="1.0" encoding="UTF-8"?>
<!DOCTYPE html PUBLIC "-//W3C//DTD XHTML 1.0 Transitional//EN"
    "http://www.w3.org/TR/xhtml1/DTD/xhtml1-transitional.dtd">
<html xmlns="http://www.w3.org/1999/xhtml" xml:lang="en" lang="en">
 <head>
  <title>
</title>
<meta http-equiv="Content-Type" content="text/html;charset=utf-8" />
  <meta name='ocr-system' content='tesseract 3.04.00' />
  <meta name='ocr-capabilities' content='ocr_page ocr_carea ocr_par ocr_line ocrx_word'/>
</head>
<body>
  <div class='ocr_page' id='page_1' title='image "./depersonismulie00benogoog_0053.png"; bbox 0 0 3250 5050; ppageno 0'>
   <div class='ocr_carea' id='block_1_1' title="bbox 636 417 856 483">
    <p class='ocr_par' dir='ltr' id='par_1_1' title="bbox 636 417 856 483">
     <span class='ocr_line' id='line_1_1' title="bbox 636 417 856 483; baseline 0.009 -19"><span class='ocrx_word' id='word_1_1' title='bbox 636 417 856 483; x_wconf 60' lang='lat'>...39-</span> 
     </span>
    </p>
   </div>
   <div class='ocr_carea' id='block_1_2' title="bbox 230 555 1305 754">
    <p class='ocr_par' dir='ltr' id='par_1_2' title="bbox 230 555 1305 754">
     <span class='ocr_line' id='line_1_2' title="bbox 231 555 1305 644; baseline -0.004 -16"><span class='ocrx_word' id='word_1_2' title='bbox 231 562 302 628; x_wconf 87' lang='lat' dir='ltr'>bere</span> <span class='ocrx_word' id='word_1_3' title='bbox 314 561 492 626; x_wconf 87' lang='lat' dir='ltr'>Phaedromo</span> <span class='ocrx_word' id='word_1_4' title='bbox 507 581 538 624; x_wconf 90' lang='lat' dir='ltr'>se</span> <span class='ocrx_word' id='word_1_5' title='bbox 550 561 626 626; x_wconf 90' lang='lat' dir='ltr'>velle</span> <span class='ocrx_word' id='word_1_6' title='bbox 640 562 781 627; x_wconf 82' lang='lat' dir='ltr'>declarat.</span> <span class='ocrx_word' id='word_1_7' title='bbox 796 563 833 625; x_wconf 86' lang='lat' dir='ltr'>At</span> <span class='ocrx_word' id='word_1_8' title='bbox 847 563 971 626; x_wconf 82' lang='lat' dir='ltr'>verbnm</span> <span class='ocrx_word' id='word_1_9' title='bbox 985 571 1030 625; x_wconf 88' lang='lat' dir='ltr'>est</span> <span class='ocrx_word' id='word_1_10' title='bbox 1043 562 1107 626; x_wconf 93' lang='lat' dir='ltr'>sine</span> <span class='ocrx_word' id='word_1_11' title='bbox 1120 580 1178 643; x_wconf 88' lang='lat' dir='ltr'>qno</span> <span class='ocrx_word' id='word_1_12' title='bbox 1191 555 1305 644; x_wconf 91' lang='lat' dir='ltr'>imper-</span> 
     </span>
     <span class='ocr_line' id='line_1_3' title="bbox 230 664 1301 754; baseline -0.003 -22"><span class='ocrx_word' id='word_1_13' title='bbox 230 669 305 734; x_wconf 85' lang='lat' dir='ltr'>fecta</span> <span class='ocrx_word' id='word_1_14' title='bbox 316 689 440 754; x_wconf 87' lang='lat' dir='ltr'>persona</span> <span class='ocrx_word' id='word_1_15' title='bbox 454 676 509 745; x_wconf 91' lang='lat' dir='ltr'>est,</span> <span class='ocrx_word' id='word_1_16' title='bbox 525 669 636 734; x_wconf 87' lang='lat' dir='ltr'>scilicet</span> <span class='ocrx_word' id='word_1_17' title='bbox 646 686 739 752; x_wconf 87' lang='lat' dir='ltr'>quum</span> <span class='ocrx_word' id='word_1_18' title='bbox 755 689 807 753; x_wconf 90' lang='lat' dir='ltr'>pro</span> <span class='ocrx_word' id='word_1_19' title='bbox 820 688 856 734; x_wconf 92' lang='lat' dir='ltr'>eo</span> <span class='ocrx_word' id='word_1_20' title='bbox 867 667 915 734; x_wconf 89' lang='lat' dir='ltr'>cui</span> <span class='ocrx_word' id='word_1_21' title='bbox 927 667 1030 733; x_wconf 90' lang='lat' dir='ltr'>serviit</span> <span class='ocrx_word' id='word_1_22' title='bbox 1042 668 1160 734; x_wconf 86' lang='lat' dir='ltr'>reniam</span> <span class='ocrx_word' id='word_1_23' title='bbox 1183 664 1278 751; x_wconf 86' lang='lat' dir='ltr'>poscit</span> <span class='ocrx_word' id='word_1_24' title='bbox 1294 687 1301 728; x_wconf 73' lang='grc' dir='ltr'>ι</span> 
     </span>
    </p>
   </div>
   <div class='ocr_carea' id='block_1_3' title="bbox 354 853 1079 998">
    <p class='ocr_par' dir='ltr' id='par_1_3' title="bbox 354 853 1079 998">
     <span class='ocr_line' id='line_1_4' title="bbox 354 853 1079 917; baseline 0.006 -17"><span class='ocrx_word' id='word_1_25' title='bbox 354 853 452 911; x_wconf 80' lang='lat' dir='ltr'>Frater,</span> <span class='ocrx_word' id='word_1_26' title='bbox 463 855 564 903; x_wconf 86' lang='lat' dir='ltr'>obsecro</span> <span class='ocrx_word' id='word_1_27' title='bbox 576 862 612 912; x_wconf 82' lang='lat' dir='ltr'>te,</span> <span class='ocrx_word' id='word_1_28' title='bbox 623 854 673 902; x_wconf 92' lang='lat' dir='ltr'>noli</span> <span class='ocrx_word' id='word_1_29' title='bbox 689 854 753 902; x_wconf 86' lang='lat' dir='ltr'>hunc</span> <span class='ocrx_word' id='word_1_30' title='bbox 764 855 952 904; x_wconf 88' lang='lat' dir='ltr'>condemnatum</span> <span class='ocrx_word' id='word_1_31' title='bbox 968 853 1079 917; x_wconf 46' lang='lat' dir='ltr'>perderet</span> 
     </span>
     <span class='ocr_line' id='line_1_5' title="bbox 355 933 807 998; baseline -0.004 -14"><span class='ocrx_word' id='word_1_32' title='bbox 355 933 420 984; x_wconf 86' lang='lat' dir='ltr'>Bene</span> <span class='ocrx_word' id='word_1_33' title='bbox 431 942 454 984; x_wconf 88' lang='grc'>31</span> <span class='ocrx_word' id='word_1_34' title='bbox 466 933 551 998; x_wconf 79' lang='lat' dir='ltr'>pudice</span> <span class='ocrx_word' id='word_1_35' title='bbox 562 949 601 984; x_wconf 92' lang='lat' dir='ltr'>me</span> <span class='ocrx_word' id='word_1_36' title='bbox 616 933 682 984; x_wconf 92' lang='lat' dir='ltr'>domi</span> <span class='ocrx_word' id='word_1_37' title='bbox 691 935 777 984; x_wconf 87' lang='lat' dir='ltr'>hahuit</span> <span class='ocrx_word' id='word_1_38' title='bbox 788 936 807 982; x_wconf 79' lang='lat'>¹.</span> 
     </span>
    </p>
   </div>
   <div class='ocr_carea' id='block_1_4' title="bbox 223 1095 1310 3351">
    <p class='ocr_par' dir='ltr' id='par_1_4' title="bbox 230 1095 882 1180">
     <span class='ocr_line' id='line_1_6' title="bbox 230 1095 882 1180; baseline 0.003 -20"><span class='ocrx_word' id='word_1_39' title='bbox 230 1096 357 1162; x_wconf 85' lang='lat' dir='ltr'>Difficile</span> <span class='ocrx_word' id='word_1_40' title='bbox 369 1095 482 1180; x_wconf 87' lang='lat' dir='ltr'>aliquid</span> <span class='ocrx_word' id='word_1_41' title='bbox 492 1096 641 1180; x_wconf 81' lang='lat' dir='ltr'>excogites</span> <span class='ocrx_word' id='word_1_42' title='bbox 654 1096 784 1162; x_wconf 84' lang='lat' dir='ltr'>suarius.</span> <span class='ocrx_word' id='word_1_43' title='bbox 843 1118 845 1121; x_wconf 89' lang='lat'>·</span> <span class='ocrx_word' id='word_1_44' title='bbox 879 1145 882 1148; x_wconf 79' lang='lat'>-</span> 
     </span>
    </p>

    <p class='ocr_par' dir='ltr' id='par_1_5' title="bbox 223 1202 1310 3351">
     <span class='ocr_line' id='line_1_7' title="bbox 223 1202 1308 1289; baseline 0.001 -21"><span class='ocrx_word' id='word_1_45' title='bbox 223 1269 226 1276; x_wconf 80' lang='grc'><strong>,</strong></span> <span class='ocrx_word' id='word_1_46' title='bbox 275 1204 388 1268; x_wconf 81' lang='lat' dir='ltr'>Puellae</span> <span class='ocrx_word' id='word_1_47' title='bbox 401 1204 545 1270; x_wconf 85' lang='lat' dir='ltr'>Rudentis</span> <span class='ocrx_word' id='word_1_48' title='bbox 558 1203 748 1270; x_wconf 90' lang='lat' dir='ltr'>miseratione</span> <span class='ocrx_word' id='word_1_49' title='bbox 759 1204 912 1289; x_wconf 80' lang='lat' dir='ltr'>digniores</span> <span class='ocrx_word' id='word_1_50' title='bbox 925 1205 1095 1271; x_wconf 80' lang='lat' dir='ltr'>efficiuntur</span> <span class='ocrx_word' id='word_1_51' title='bbox 1106 1205 1170 1288; x_wconf 88' lang='lat' dir='ltr'>ipsa</span> <span class='ocrx_word' id='word_1_52' title='bbox 1183 1202 1308 1269; x_wconf 87' lang='lat' dir='ltr'>calami-</span> 
     </span>
     <span class='ocr_line' id='line_1_8' title="bbox 231 1313 1303 1400; baseline -0.003 -24"><span class='ocrx_word' id='word_1_53' title='bbox 231 1321 291 1377; x_wconf 88' lang='lat' dir='ltr'>tate</span> <span class='ocrx_word' id='word_1_54' title='bbox 305 1331 321 1376; x_wconf 92' lang='lat' dir='ltr'>e</span> <span class='ocrx_word' id='word_1_55' title='bbox 334 1331 393 1396; x_wconf 87' lang='lat' dir='ltr'>qua</span> <span class='ocrx_word' id='word_1_56' title='bbox 405 1321 564 1397; x_wconf 84' lang='lat' dir='ltr'>emergunt</span> <span class='ocrx_word' id='word_1_57' title='bbox 578 1365 584 1392; x_wconf 93' lang='lat'>,</span> <span class='ocrx_word' id='word_1_58' title='bbox 598 1323 635 1400; x_wconf 85' lang='grc' dir='ltr'>31Ι</span> <span class='ocrx_word' id='word_1_59' title='bbox 641 1313 717 1378; x_wconf 91' lang='lat' dir='ltr'>miro</span> <span class='ocrx_word' id='word_1_60' title='bbox 730 1313 882 1378; x_wconf 91' lang='lat' dir='ltr'>volumine</span> <span class='ocrx_word' id='word_1_61' title='bbox 896 1331 998 1379; x_wconf 90' lang='lat' dir='ltr'>rernm</span> <span class='ocrx_word' id='word_1_62' title='bbox 1010 1313 1042 1377; x_wconf 92' lang='lat' dir='ltr'>in</span> <span class='ocrx_word' id='word_1_63' title='bbox 1055 1331 1115 1396; x_wconf 86' lang='lat' dir='ltr'>quo</span> <span class='ocrx_word' id='word_1_64' title='bbox 1137 1319 1303 1377; x_wconf 77' lang='lat' dir='ltr'>versantur.</span> 
     </span>
     <span class='ocr_line' id='line_1_9' title="bbox 231 1419 1308 1508; baseline 0.002 -24"><span class='ocrx_word' id='word_1_65' title='bbox 231 1419 288 1484; x_wconf 86' lang='lat' dir='ltr'>Vix</span> <span class='ocrx_word' id='word_1_66' title='bbox 314 1439 330 1484; x_wconf 93' lang='lat' dir='ltr'>e</span> <span class='ocrx_word' id='word_1_67' title='bbox 352 1419 507 1504; x_wconf 81' lang='lat' dir='ltr'>naufragio</span> <span class='ocrx_word' id='word_1_68' title='bbox 528 1430 666 1486; x_wconf 81' lang='lat' dir='ltr'>recreatae</span> <span class='ocrx_word' id='word_1_69' title='bbox 689 1422 726 1487; x_wconf 90' lang='lat' dir='ltr'>ab</span> <span class='ocrx_word' id='word_1_70' title='bbox 748 1422 822 1487; x_wconf 91' lang='lat' dir='ltr'>hero</span> <span class='ocrx_word' id='word_1_71' title='bbox 846 1421 1053 1508; x_wconf 84' lang='lat' dir='ltr'>impetuntur;</span> <span class='ocrx_word' id='word_1_72' title='bbox 1074 1422 1238 1488; x_wconf 76' lang='lat' dir='ltr'>Daemones</span> <span class='ocrx_word' id='word_1_73' title='bbox 1257 1440 1308 1486; x_wconf 84' lang='lat' dir='ltr'>eas</span> 
     </span>
     <span class='ocr_line' id='line_1_10' title="bbox 230 1524 1308 1616; baseline 0.002 -26"><span class='ocrx_word' id='word_1_74' title='bbox 230 1524 313 1611; x_wconf 89' lang='lat' dir='ltr'>prins</span> <span class='ocrx_word' id='word_1_75' title='bbox 327 1538 463 1612; x_wconf 87' lang='lat' dir='ltr'>exceptas</span> <span class='ocrx_word' id='word_1_76' title='bbox 476 1529 607 1613; x_wconf 83' lang='lat' dir='ltr'>benigne</span> <span class='ocrx_word' id='word_1_77' title='bbox 622 1581 630 1610; x_wconf 94' lang='lat'>,</span> <span class='ocrx_word' id='word_1_78' title='bbox 656 1539 776 1616; x_wconf 92' lang='lat' dir='ltr'>propter</span> <span class='ocrx_word' id='word_1_79' title='bbox 789 1529 892 1596; x_wconf 85' lang='lat' dir='ltr'>uxoris</span> <span class='ocrx_word' id='word_1_80' title='bbox 903 1529 1103 1614; x_wconf 80' lang='lat' dir='ltr'>suspiciones,</span> <span class='ocrx_word' id='word_1_81' title='bbox 1125 1529 1262 1594; x_wconf 86' lang='lat' dir='ltr'>hortatur</span> <span class='ocrx_word' id='word_1_82' title='bbox 1274 1537 1308 1594; x_wconf 87' lang='lat' dir='ltr'>ut</span> 
     </span>
     <span class='ocr_line' id='line_1_11' title="bbox 230 1633 1308 1721; baseline 0.002 -23"><span class='ocrx_word' id='word_1_83' title='bbox 230 1633 355 1702; x_wconf 91' lang='lat' dir='ltr'>domum</span> <span class='ocrx_word' id='word_1_84' title='bbox 366 1655 452 1700; x_wconf 89' lang='lat' dir='ltr'>suam</span> <span class='ocrx_word' id='word_1_85' title='bbox 471 1637 652 1721; x_wconf 86' lang='lat' dir='ltr'>relinquant.</span> <span class='ocrx_word' id='word_1_86' title='bbox 670 1637 802 1702; x_wconf 86' lang='lat' dir='ltr'>Tandem</span> <span class='ocrx_word' id='word_1_87' title='bbox 816 1637 951 1702; x_wconf 85' lang='lat' dir='ltr'>vidulum</span> <span class='ocrx_word' id='word_1_88' title='bbox 964 1655 1023 1720; x_wconf 89' lang='lat' dir='ltr'>quo</span> <span class='ocrx_word' id='word_1_89' title='bbox 1033 1637 1150 1701; x_wconf 88' lang='lat' dir='ltr'>inclusa</span> <span class='ocrx_word' id='word_1_90' title='bbox 1162 1644 1232 1713; x_wconf 85' lang='lat' dir='ltr'>sunt</span> <span class='ocrx_word' id='word_1_91' title='bbox 1243 1655 1308 1700; x_wconf 88' lang='lat' dir='ltr'>cre-</span> 
     </span>
     <span class='ocr_line' id='line_1_12' title="bbox 231 1744 1304 1833; baseline -0.003 -21"><span class='ocrx_word' id='word_1_92' title='bbox 231 1747 343 1832; x_wconf 90' lang='lat' dir='ltr'>pundia</span> <span class='ocrx_word' id='word_1_93' title='bbox 355 1748 462 1832; x_wconf 89' lang='lat' dir='ltr'>quibus</span> <span class='ocrx_word' id='word_1_94' title='bbox 472 1750 563 1814; x_wconf 89' lang='lat' dir='ltr'>altera</span> <span class='ocrx_word' id='word_1_95' title='bbox 575 1757 713 1833; x_wconf 85' lang='lat' dir='ltr'>parentes</span> <span class='ocrx_word' id='word_1_96' title='bbox 726 1767 888 1833; x_wconf 84' lang='lat' dir='ltr'>agnoscere</span> <span class='ocrx_word' id='word_1_97' title='bbox 899 1756 998 1832; x_wconf 87' lang='lat' dir='ltr'>potest</span> <span class='ocrx_word' id='word_1_98' title='bbox 1008 1746 1204 1812; x_wconf 83' lang='lat' dir='ltr'>extrahiture</span> <span class='ocrx_word' id='word_1_99' title='bbox 1217 1744 1304 1810; x_wconf 89' lang='lat' dir='ltr'>mari.</span> 
     </span>
     <span class='ocr_line' id='line_1_13' title="bbox 232 1854 1309 1943; baseline -0.001 -24"><span class='ocrx_word' id='word_1_100' title='bbox 232 1855 284 1920; x_wconf 86' lang='lat' dir='ltr'>Fit</span> <span class='ocrx_word' id='word_1_101' title='bbox 303 1865 373 1921; x_wconf 87' lang='lat' dir='ltr'>nota</span> <span class='ocrx_word' id='word_1_102' title='bbox 394 1857 471 1943; x_wconf 88' lang='lat' dir='ltr'>patri</span> <span class='ocrx_word' id='word_1_103' title='bbox 494 1857 646 1934; x_wconf 81' lang='lat' dir='ltr'>Palaestra,</span> <span class='ocrx_word' id='word_1_104' title='bbox 666 1856 827 1942; x_wconf 78' lang='lat' dir='ltr'>fabulaque</span> <span class='ocrx_word' id='word_1_105' title='bbox 850 1855 993 1922; x_wconf 85' lang='lat' dir='ltr'>adfinem</span> <span class='ocrx_word' id='word_1_106' title='bbox 1017 1855 1083 1921; x_wconf 93' lang='lat' dir='ltr'>sine</span> <span class='ocrx_word' id='word_1_107' title='bbox 1096 1854 1214 1920; x_wconf 86' lang='lat' dir='ltr'>usitatis</span> <span class='ocrx_word' id='word_1_108' title='bbox 1227 1854 1309 1918; x_wconf 82' lang='lat' dir='ltr'>frau-</span> 
     </span>
     <span class='ocr_line' id='line_1_14' title="bbox 231 1962 1310 2051; baseline -0.003 -24"><span class='ocrx_word' id='word_1_109' title='bbox 231 1962 318 2029; x_wconf 89' lang='lat' dir='ltr'>dibus</span> <span class='ocrx_word' id='word_1_110' title='bbox 331 1964 477 2048; x_wconf 89' lang='lat' dir='ltr'>pervenit.</span> <span class='ocrx_word' id='word_1_111' title='bbox 494 1967 561 2030; x_wconf 93' lang='lat' dir='ltr'>Non</span> <span class='ocrx_word' id='word_1_112' title='bbox 573 1966 716 2051; x_wconf 90' lang='lat' dir='ltr'>spoliatur</span> <span class='ocrx_word' id='word_1_113' title='bbox 727 1965 807 2042; x_wconf 87' lang='lat' dir='ltr'>dolo,</span> <span class='ocrx_word' id='word_1_114' title='bbox 821 1985 883 2031; x_wconf 95' lang='lat' dir='ltr'>non</span> <span class='ocrx_word' id='word_1_115' title='bbox 897 1966 965 2030; x_wconf 93' lang='lat' dir='ltr'>leno</span> <span class='ocrx_word' id='word_1_116' title='bbox 975 1963 1138 2029; x_wconf 89' lang='lat' dir='ltr'>deridetur.</span> <span class='ocrx_word' id='word_1_117' title='bbox 1153 1963 1206 2026; x_wconf 87' lang='lat' dir='ltr'>Jus</span> <span class='ocrx_word' id='word_1_118' title='bbox 1218 1962 1310 2027; x_wconf 89' lang='lat' dir='ltr'>habet</span> 
     </span>
     <span class='ocr_line' id='line_1_15' title="bbox 230 2068 1309 2158; baseline -0.002 -23"><span class='ocrx_word' id='word_1_119' title='bbox 230 2081 333 2136; x_wconf 89' lang='lat' dir='ltr'>contra</span> <span class='ocrx_word' id='word_1_120' title='bbox 345 2093 387 2151; x_wconf 91' lang='lat' dir='ltr'>se,</span> <span class='ocrx_word' id='word_1_121' title='bbox 403 2081 433 2137; x_wconf 92' lang='lat' dir='ltr'>et</span> <span class='ocrx_word' id='word_1_122' title='bbox 446 2073 510 2158; x_wconf 91' lang='lat' dir='ltr'>ipse</span> <span class='ocrx_word' id='word_1_123' title='bbox 523 2073 594 2138; x_wconf 90' lang='lat' dir='ltr'>licet</span> <span class='ocrx_word' id='word_1_124' title='bbox 605 2073 715 2138; x_wconf 89' lang='lat' dir='ltr'>invitus</span> <span class='ocrx_word' id='word_1_125' title='bbox 729 2073 818 2138; x_wconf 87' lang='lat' dir='ltr'>cedit.</span> <span class='ocrx_word' id='word_1_126' title='bbox 836 2073 1010 2138; x_wconf 83' lang='lat' dir='ltr'>Puellarum</span> <span class='ocrx_word' id='word_1_127' title='bbox 1032 2079 1145 2135; x_wconf 91' lang='lat' dir='ltr'>mutuae</span> <span class='ocrx_word' id='word_1_128' title='bbox 1169 2068 1309 2133; x_wconf 87' lang='lat' dir='ltr'>amicitiae</span> 
     </span>
     <span class='ocr_line' id='line_1_16' title="bbox 232 2165 1310 2269; baseline -0.003 -24"><span class='ocrx_word' id='word_1_129' title='bbox 232 2182 423 2262; x_wconf 87' lang='lat' dir='ltr'>testimonio,</span> <span class='ocrx_word' id='word_1_130' title='bbox 440 2184 595 2266; x_wconf 91' lang='lat' dir='ltr'>luctusque</span> <span class='ocrx_word' id='word_1_131' title='bbox 609 2183 732 2269; x_wconf 90' lang='lat' dir='ltr'>speique</span> <span class='ocrx_word' id='word_1_132' title='bbox 743 2193 772 2248; x_wconf 90' lang='lat' dir='ltr'>et</span> <span class='ocrx_word' id='word_1_133' title='bbox 785 2165 903 2248; x_wconf 88' lang='lat' dir='ltr'>timoris</span> <span class='ocrx_word' id='word_1_134' title='bbox 917 2179 1082 2260; x_wconf 84' lang='lat' dir='ltr'>affectibus,</span> <span class='ocrx_word' id='word_1_135' title='bbox 1099 2179 1207 2264; x_wconf 84' lang='lat' dir='ltr'>quibus</span> <span class='ocrx_word' id='word_1_136' title='bbox 1218 2178 1268 2242; x_wconf 94' lang='lat' dir='ltr'>hic</span> <span class='ocrx_word' id='word_1_137' title='bbox 1279 2189 1310 2243; x_wconf 90' lang='grc'>31</span> 
     </span>
     <span class='ocr_line' id='line_1_17' title="bbox 231 2286 1309 2379; baseline 0 -27"><span class='ocrx_word' id='word_1_138' title='bbox 231 2289 293 2354; x_wconf 89' lang='grc'><strong>11113</strong></span> <span class='ocrx_word' id='word_1_139' title='bbox 313 2290 483 2373; x_wconf 82' lang='lat' dir='ltr'>agitantur,</span> <span class='ocrx_word' id='word_1_140' title='bbox 500 2310 602 2356; x_wconf 88' lang='lat' dir='ltr'>earum</span> <span class='ocrx_word' id='word_1_141' title='bbox 616 2303 715 2379; x_wconf 87' lang='lat' dir='ltr'>partes</span> <span class='ocrx_word' id='word_1_142' title='bbox 730 2290 848 2356; x_wconf 77' lang='lat' dir='ltr'>relectae</span> <span class='ocrx_word' id='word_1_143' title='bbox 858 2298 938 2354; x_wconf 89' lang='lat' dir='ltr'>sunt.</span> <span class='ocrx_word' id='word_1_144' title='bbox 957 2290 1011 2354; x_wconf 93' lang='grc'><strong>1113</strong></span> <span class='ocrx_word' id='word_1_145' title='bbox 1023 2287 1124 2354; x_wconf 87' lang='lat' dir='ltr'>omnia</span> <span class='ocrx_word' id='word_1_146' title='bbox 1137 2286 1309 2371; x_wconf 83' lang='lat' dir='ltr'>exquisitis-</span> 
     </span>
     <span class='ocr_line' id='line_1_18' title="bbox 230 2395 1310 2479; baseline 0 -19"><span class='ocrx_word' id='word_1_147' title='bbox 230 2395 306 2461; x_wconf 87' lang='lat' dir='ltr'>sime</span> <span class='ocrx_word' id='word_1_148' title='bbox 326 2404 455 2479; x_wconf 84' lang='lat' dir='ltr'>aguntur</span> <span class='ocrx_word' id='word_1_149' title='bbox 475 2405 504 2460; x_wconf 91' lang='lat' dir='ltr'>et</span> <span class='ocrx_word' id='word_1_150' title='bbox 522 2398 736 2464; x_wconf 78' lang='lat' dir='ltr'>amoenissimo.</span> <span class='ocrx_word' id='word_1_151' title='bbox 763 2397 882 2462; x_wconf 88' lang='lat' dir='ltr'>Cursim</span> <span class='ocrx_word' id='word_1_152' title='bbox 900 2398 1010 2465; x_wconf 82' lang='lat' dir='ltr'>notabo</span> <span class='ocrx_word' id='word_1_153' title='bbox 1029 2397 1117 2462; x_wconf 90' lang='lat' dir='ltr'>verba</span> <span class='ocrx_word' id='word_1_154' title='bbox 1137 2395 1310 2475; x_wconf 84' lang='lat' dir='ltr'>Palaestrae,</span> 
     </span>
     <span class='ocr_line' id='line_1_19' title="bbox 231 2504 1309 2595; baseline -0.001 -24"><span class='ocrx_word' id='word_1_155' title='bbox 231 2524 324 2592; x_wconf 88' lang='lat' dir='ltr'>quum</span> <span class='ocrx_word' id='word_1_156' title='bbox 338 2504 376 2570; x_wconf 92' lang='lat' dir='ltr'>ad</span> <span class='ocrx_word' id='word_1_157' title='bbox 387 2506 470 2585; x_wconf 72' lang='grc'><strong>111133</strong></span> <span class='ocrx_word' id='word_1_158' title='bbox 483 2507 598 2593; x_wconf 89' lang='lat' dir='ltr'>appulit</span> <span class='ocrx_word' id='word_1_159' title='bbox 615 2561 620 2588; x_wconf 89' lang='lat'>,</span> <span class='ocrx_word' id='word_1_160' title='bbox 650 2527 803 2593; x_wconf 90' lang='lat' dir='ltr'>quumque</span> <span class='ocrx_word' id='word_1_161' title='bbox 817 2507 949 2595; x_wconf 89' lang='lat' dir='ltr'>repperit</span> <span class='ocrx_word' id='word_1_162' title='bbox 961 2506 1162 2592; x_wconf 89' lang='lat' dir='ltr'>Ampeliscam</span> <span class='ocrx_word' id='word_1_163' title='bbox 1176 2558 1184 2587; x_wconf 87' lang='lat'><strong><em>‚</em></strong></span> <span class='ocrx_word' id='word_1_164' title='bbox 1206 2524 1309 2589; x_wconf 90' lang='lat' dir='ltr'>preces</span> 
     </span>
     <span class='ocr_line' id='line_1_20' title="bbox 231 2614 1309 2701; baseline 0 -22"><span class='ocrx_word' id='word_1_165' title='bbox 231 2636 305 2699; x_wconf 89' lang='lat' dir='ltr'>quas</span> <span class='ocrx_word' id='word_1_166' title='bbox 328 2614 366 2679; x_wconf 92' lang='lat' dir='ltr'>ad</span> <span class='ocrx_word' id='word_1_167' title='bbox 378 2615 562 2681; x_wconf 88' lang='lat' dir='ltr'>sacerdotem</span> <span class='ocrx_word' id='word_1_168' title='bbox 575 2626 609 2680; x_wconf 92' lang='lat' dir='ltr'>ut</span> <span class='ocrx_word' id='word_1_169' title='bbox 625 2617 765 2701; x_wconf 82' lang='lat' dir='ltr'>fugitivas</span> <span class='ocrx_word' id='word_1_170' title='bbox 788 2616 913 2701; x_wconf 84' lang='lat' dir='ltr'>accipiat</span> <span class='ocrx_word' id='word_1_171' title='bbox 938 2616 1053 2695; x_wconf 87' lang='lat' dir='ltr'>lundit,</span> <span class='ocrx_word' id='word_1_172' title='bbox 1083 2616 1220 2699; x_wconf 89' lang='lat' dir='ltr'>querelas</span> <span class='ocrx_word' id='word_1_173' title='bbox 1243 2614 1309 2700; x_wconf 88' lang='lat' dir='ltr'>ejus</span> 
     </span>
     <span class='ocr_line' id='line_1_21' title="bbox 234 2705 1309 2808; baseline 0.002 -22"><span class='ocrx_word' id='word_1_174' title='bbox 234 2708 356 2808; x_wconf 89' lang='lat' dir='ltr'>qunma</span> <span class='ocrx_word' id='word_1_175' title='bbox 379 2723 487 2789; x_wconf 89' lang='lat' dir='ltr'>lenone</span> <span class='ocrx_word' id='word_1_176' title='bbox 499 2744 536 2789; x_wconf 85' lang='lat' dir='ltr'>ex</span> <span class='ocrx_word' id='word_1_177' title='bbox 548 2745 599 2790; x_wconf 89' lang='lat' dir='ltr'>ara</span> <span class='ocrx_word' id='word_1_178' title='bbox 610 2725 758 2791; x_wconf 89' lang='lat' dir='ltr'>evellitur.</span> <span class='ocrx_word' id='word_1_179' title='bbox 776 2729 863 2792; x_wconf 91' lang='lat' dir='ltr'>Nunc</span> <span class='ocrx_word' id='word_1_180' title='bbox 876 2744 946 2789; x_wconf 90' lang='lat' dir='ltr'>vero</span> <span class='ocrx_word' id='word_1_181' title='bbox 960 2705 1129 2807; x_wconf 84' lang='lat' dir='ltr'>spectemus</span> <span class='ocrx_word' id='word_1_182' title='bbox 1142 2722 1193 2807; x_wconf 89' lang='lat' dir='ltr'>qui</span> <span class='ocrx_word' id='word_1_183' title='bbox 1205 2742 1309 2788; x_wconf 90' lang='lat' dir='ltr'>earum</span> 
     </span>
     <span class='ocr_line' id='line_1_22' title="bbox 234 2829 1308 2917; baseline 0 -23"><span class='ocrx_word' id='word_1_184' title='bbox 234 2830 377 2895; x_wconf 90' lang='lat' dir='ltr'>indolesa</span> <span class='ocrx_word' id='word_1_185' title='bbox 392 2830 735 2915; x_wconf 86' lang='lat' dir='ltr'>superioribusdillerat.</span> <span class='ocrx_word' id='word_1_186' title='bbox 750 2832 939 2917; x_wconf 85' lang='lat' dir='ltr'>Ampelisca,</span> <span class='ocrx_word' id='word_1_187' title='bbox 963 2850 1029 2915; x_wconf 84' lang='lat' dir='ltr'>quae</span> <span class='ocrx_word' id='word_1_188' title='bbox 1052 2839 1132 2896; x_wconf 90' lang='lat' dir='ltr'>certe</span> <span class='ocrx_word' id='word_1_189' title='bbox 1155 2829 1308 2895; x_wconf 91' lang='lat' dir='ltr'>humiliori</span> 
     </span>
     <span class='ocr_line' id='line_1_23' title="bbox 235 2936 1310 3021; baseline -0.001 -20"><span class='ocrx_word' id='word_1_190' title='bbox 235 2937 299 3003; x_wconf 88' lang='lat' dir='ltr'>loco</span> <span class='ocrx_word' id='word_1_191' title='bbox 325 2946 357 3002; x_wconf 93' lang='lat' dir='ltr'>et</span> <span class='ocrx_word' id='word_1_192' title='bbox 381 2937 465 3021; x_wconf 88' lang='lat' dir='ltr'>qnasi</span> <span class='ocrx_word' id='word_1_193' title='bbox 492 2938 599 3005; x_wconf 87' lang='lat' dir='ltr'>ancilla</span> <span class='ocrx_word' id='word_1_194' title='bbox 627 2949 693 3019; x_wconf 86' lang='lat' dir='ltr'>est,</span> <span class='ocrx_word' id='word_1_195' title='bbox 719 2960 780 3005; x_wconf 95' lang='lat' dir='ltr'>non</span> <span class='ocrx_word' id='word_1_196' title='bbox 806 2948 908 3005; x_wconf 92' lang='lat' dir='ltr'>tamen</span> <span class='ocrx_word' id='word_1_197' title='bbox 935 2939 1111 3003; x_wconf 86' lang='lat' dir='ltr'>Palaestram</span> <span class='ocrx_word' id='word_1_198' title='bbox 1137 2936 1258 3021; x_wconf 80' lang='lat' dir='ltr'>diligit,</span> <span class='ocrx_word' id='word_1_199' title='bbox 1277 2947 1310 3002; x_wconf 91' lang='grc'>31</span> 
     </span>
     <span class='ocr_line' id='line_1_24' title="bbox 239 3046 1309 3127; baseline -0.002 -15"><span class='ocrx_word' id='word_1_200' title='bbox 239 3046 427 3112; x_wconf 81' lang='lat' dir='ltr'>Anterastilis</span> <span class='ocrx_word' id='word_1_201' title='bbox 449 3056 670 3127; x_wconf 86' lang='lat' dir='ltr'>sororem,aut</span> <span class='ocrx_word' id='word_1_202' title='bbox 691 3048 798 3112; x_wconf 85' lang='grc'><strong>3331113</strong></span> <span class='ocrx_word' id='word_1_203' title='bbox 822 3047 938 3113; x_wconf 88' lang='lat' dir='ltr'>heram.</span> <span class='ocrx_word' id='word_1_204' title='bbox 964 3046 1068 3112; x_wconf 89' lang='lat' dir='ltr'>Amica</span> <span class='ocrx_word' id='word_1_205' title='bbox 1091 3054 1155 3126; x_wconf 88' lang='lat' dir='ltr'>est,</span> <span class='ocrx_word' id='word_1_206' title='bbox 1174 3064 1309 3111; x_wconf 89' lang='lat' dir='ltr'>commu-</span> 
     </span>
     <span class='ocr_line' id='line_1_25' title="bbox 238 3152 1310 3243; baseline 0.007 -26"><span class='ocrx_word' id='word_1_207' title='bbox 238 3152 331 3219; x_wconf 90' lang='lat' dir='ltr'>nitate</span> <span class='ocrx_word' id='word_1_208' title='bbox 352 3153 464 3219; x_wconf 88' lang='lat' dir='ltr'>servitii</span> <span class='ocrx_word' id='word_1_209' title='bbox 485 3155 561 3220; x_wconf 86' lang='grc'><strong>13313</strong></span> <span class='ocrx_word' id='word_1_210' title='bbox 580 3164 611 3221; x_wconf 87' lang='grc'>31</span> <span class='ocrx_word' id='word_1_211' title='bbox 632 3154 697 3241; x_wconf 93' lang='lat' dir='ltr'>ipso</span> <span class='ocrx_word' id='word_1_212' title='bbox 718 3155 855 3243; x_wconf 59' lang='lat' dir='ltr'>periculo⁴</span> <span class='ocrx_word' id='word_1_213' title='bbox 874 3153 983 3221; x_wconf 90' lang='lat' dir='ltr'>arctius</span> <span class='ocrx_word' id='word_1_214' title='bbox 1003 3156 1112 3220; x_wconf 89' lang='lat' dir='ltr'>vincta.</span> <span class='ocrx_word' id='word_1_215' title='bbox 1134 3154 1310 3224; x_wconf 81' lang='lat' dir='ltr'>Palaestram</span> 
     </span>
     <span class='ocr_line' id='line_1_26' title="bbox 239 3259 827 3351; baseline 0.007 -30"><span class='ocrx_word' id='word_1_216' title='bbox 239 3259 339 3328; x_wconf 84' lang='lat' dir='ltr'>videas</span> <span class='ocrx_word' id='word_1_217' title='bbox 347 3264 547 3329; x_wconf 89' lang='lat' dir='ltr'>exsultantem</span> <span class='ocrx_word' id='word_1_218' title='bbox 558 3264 623 3351; x_wconf 90' lang='lat' dir='ltr'>ejus</span> <span class='ocrx_word' id='word_1_219' title='bbox 644 3274 827 3349; x_wconf 87' lang='lat' dir='ltr'>conspectu:</span> 
     </span>
    </p>
   </div>
   <div class='ocr_carea' id='block_1_5' title="bbox 363 3448 1012 3751">
    <p class='ocr_par' dir='ltr' id='par_1_6' title="bbox 363 3448 1012 3751">
     <span class='ocr_line' id='line_1_27' title="bbox 363 3448 936 3511; baseline 0.002 -14"><span class='ocrx_word' id='word_1_220' title='bbox 363 3450 402 3498; x_wconf 88' lang='lat' dir='ltr'>Tu</span> <span class='ocrx_word' id='word_1_221' title='bbox 415 3448 473 3497; x_wconf 84' lang='lat' dir='ltr'>lacis</span> <span class='ocrx_word' id='word_1_222' title='bbox 484 3462 522 3497; x_wconf 90' lang='lat' dir='ltr'>me</span> <span class='ocrx_word' id='word_1_223' title='bbox 532 3449 629 3511; x_wconf 87' lang='lat' dir='ltr'>quidem</span> <span class='ocrx_word' id='word_1_224' title='bbox 640 3457 668 3499; x_wconf 90' lang='lat' dir='ltr'>ut</span> <span class='ocrx_word' id='word_1_225' title='bbox 679 3451 760 3499; x_wconf 91' lang='lat' dir='ltr'>vivere</span> <span class='ocrx_word' id='word_1_226' title='bbox 773 3464 838 3499; x_wconf 89' lang='lat' dir='ltr'>nunc</span> <span class='ocrx_word' id='word_1_227' title='bbox 852 3450 936 3505; x_wconf 87' lang='lat' dir='ltr'>velim,</span> 
     </span>
     <span class='ocr_line' id='line_1_28' title="bbox 364 3528 933 3593; baseline 0 -16"><span class='ocrx_word' id='word_1_228' title='bbox 364 3528 465 3587; x_wconf 85' lang='lat' dir='ltr'>Quando</span> <span class='ocrx_word' id='word_1_229' title='bbox 478 3530 537 3578; x_wconf 90' lang='lat' dir='ltr'>mihi</span> <span class='ocrx_word' id='word_1_230' title='bbox 547 3537 570 3578; x_wconf 85' lang='lat' dir='ltr'>te</span> <span class='ocrx_word' id='word_1_231' title='bbox 582 3529 638 3579; x_wconf 88' lang='lat' dir='ltr'>lieet</span> <span class='ocrx_word' id='word_1_232' title='bbox 649 3538 746 3593; x_wconf 78' lang='lat' dir='ltr'>tangere</span> <span class='ocrx_word' id='word_1_233' title='bbox 759 3545 765 3577; x_wconf 90' lang='lat'>:</span> <span class='ocrx_word' id='word_1_234' title='bbox 778 3537 807 3579; x_wconf 88' lang='lat' dir='ltr'>ut</span> <span class='ocrx_word' id='word_1_235' title='bbox 820 3531 860 3578; x_wconf 81' lang='lat' dir='ltr'>rix</span> <span class='ocrx_word' id='word_1_236' title='bbox 872 3528 933 3577; x_wconf 90' lang='lat' dir='ltr'>mihi</span> 
     </span>
     <span class='ocr_line' id='line_1_29' title="bbox 366 3607 1008 3671; baseline 0.002 -15"><span class='ocrx_word' id='word_1_237' title='bbox 366 3607 443 3657; x_wconf 83' lang='lat' dir='ltr'>Credo</span> <span class='ocrx_word' id='word_1_238' title='bbox 455 3622 499 3671; x_wconf 78' lang='lat' dir='ltr'>ego</span> <span class='ocrx_word' id='word_1_239' title='bbox 512 3608 570 3667; x_wconf 90' lang='lat' dir='ltr'>hoc,</span> <span class='ocrx_word' id='word_1_240' title='bbox 584 3616 607 3658; x_wconf 89' lang='lat' dir='ltr'>te</span> <span class='ocrx_word' id='word_1_241' title='bbox 619 3609 713 3658; x_wconf 82' lang='lat' dir='ltr'>tenere!</span> <span class='ocrx_word' id='word_1_242' title='bbox 727 3609 842 3667; x_wconf 89' lang='lat' dir='ltr'>obsecro,</span> <span class='ocrx_word' id='word_1_243' title='bbox 852 3608 1008 3671; x_wconf 84' lang='lat' dir='ltr'>amplectere,</span> 
     </span>
     <span class='ocr_line' id='line_1_30' title="bbox 364 3687 1012 3751; baseline -0.006 -14"><span class='ocrx_word' id='word_1_244' title='bbox 364 3687 423 3749; x_wconf 89' lang='lat' dir='ltr'>Spes</span> <span class='ocrx_word' id='word_1_245' title='bbox 436 3702 503 3749; x_wconf 83' lang='lat' dir='ltr'>mea3</span> <span class='ocrx_word' id='word_1_246' title='bbox 517 3696 594 3741; x_wconf 82' lang='lat' dir='ltr'>utrae</span> <span class='ocrx_word' id='word_1_247' title='bbox 605 3690 714 3745; x_wconf 84' lang='lat' dir='ltr'>omnium</span> <span class='ocrx_word' id='word_1_248' title='bbox 725 3688 775 3751; x_wconf 78' lang='lat' dir='ltr'>jam</span> <span class='ocrx_word' id='word_1_249' title='bbox 785 3688 898 3739; x_wconf 84' lang='lat' dir='ltr'>laborum</span> <span class='ocrx_word' id='word_1_250' title='bbox 911 3688 978 3737; x_wconf 86' lang='lat' dir='ltr'>levas</span> <span class='ocrx_word' id='word_1_251' title='bbox 987 3688 1012 3733; x_wconf 66' lang='grc' dir='ltr'>Ξ1</span> 
     </span>
    </p>
   </div>
   <div class='ocr_carea' id='block_1_6' title="bbox 239 3850 1309 4025">
    <p class='ocr_par' dir='ltr' id='par_1_7' title="bbox 239 3850 1309 4025">
     <span class='ocr_line' id='line_1_31' title="bbox 239 3850 1309 3938; baseline -0.003 -23"><span class='ocrx_word' id='word_1_252' title='bbox 239 3850 408 3937; x_wconf 75' lang='lat' dir='ltr'>Ampelisca</span> <span class='ocrx_word' id='word_1_253' title='bbox 426 3861 543 3936; x_wconf 91' lang='lat' dir='ltr'>partem</span> <span class='ocrx_word' id='word_1_254' title='bbox 563 3851 654 3917; x_wconf 87' lang='lat' dir='ltr'>habet</span> <span class='ocrx_word' id='word_1_255' title='bbox 671 3851 703 3916; x_wconf 93' lang='lat' dir='ltr'>in</span> <span class='ocrx_word' id='word_1_256' title='bbox 720 3850 800 3917; x_wconf 81' lang='lat' dir='ltr'>felici</span> <span class='ocrx_word' id='word_1_257' title='bbox 823 3871 875 3930; x_wconf 93' lang='lat' dir='ltr'>re,</span> <span class='ocrx_word' id='word_1_258' title='bbox 901 3872 958 3938; x_wconf 88' lang='lat' dir='ltr'>qua</span> <span class='ocrx_word' id='word_1_259' title='bbox 980 3872 1080 3917; x_wconf 92' lang='lat' dir='ltr'>comes</span> <span class='ocrx_word' id='word_1_260' title='bbox 1101 3852 1131 3915; x_wconf 94' lang='lat' dir='ltr'>in</span> <span class='ocrx_word' id='word_1_261' title='bbox 1152 3850 1309 3934; x_wconf 88' lang='lat' dir='ltr'>pristinam</span> 
     </span>
     <span class='ocr_line' id='line_1_32' title="bbox 240 3958 644 4025; baseline -0.005 -2"><span class='ocrx_word' id='word_1_262' title='bbox 240 3958 442 4025; x_wconf 86' lang='lat' dir='ltr'>conditionem</span> <span class='ocrx_word' id='word_1_263' title='bbox 456 3959 623 4025; x_wconf 88' lang='lat' dir='ltr'>restituitur</span> <span class='ocrx_word' id='word_1_264' title='bbox 638 3980 644 4020; x_wconf 94' lang='lat'><strong>:</strong></span> 
     </span>
    </p>
   </div>
   <div class='ocr_carea' id='block_1_7' title="bbox 367 4141 1248 4207">
    <p class='ocr_par' dir='ltr' id='par_1_8' title="bbox 367 4141 1248 4207">
     <span class='ocr_line' id='line_1_33' title="bbox 367 4141 1248 4207; baseline -0.006 -14"><span class='ocrx_word' id='word_1_265' title='bbox 367 4144 471 4207; x_wconf 88' lang='lat' dir='ltr'>Sequere</span> <span class='ocrx_word' id='word_1_266' title='bbox 481 4160 518 4195; x_wconf 89' lang='lat' dir='ltr'>me</span> <span class='ocrx_word' id='word_1_267' title='bbox 528 4145 670 4205; x_wconf 88' lang='lat' dir='ltr'>Ampelisca.</span> <span class='ocrx_word' id='word_1_268' title='bbox 683 4172 712 4179; x_wconf 91' lang='lat'>-—</span> <span class='ocrx_word' id='word_1_269' title='bbox 724 4146 804 4204; x_wconf 81' lang='lat' dir='ltr'>Quum</span> <span class='ocrx_word' id='word_1_270' title='bbox 817 4153 840 4193; x_wconf 90' lang='lat' dir='ltr'>te</span> <span class='ocrx_word' id='word_1_271' title='bbox 854 4146 891 4194; x_wconf 87' lang='lat' dir='ltr'>Dii</span> <span class='ocrx_word' id='word_1_272' title='bbox 901 4152 992 4201; x_wconf 82' lang='lat' dir='ltr'>amant,</span> <span class='ocrx_word' id='word_1_273' title='bbox 1004 4142 1121 4204; x_wconf 90' lang='lat' dir='ltr'>voluptati</span> <span class='ocrx_word' id='word_1_274' title='bbox 1131 4142 1162 4189; x_wconf 86' lang='lat' dir='ltr'>&#39;st</span> <span class='ocrx_word' id='word_1_275' title='bbox 1175 4141 1248 4189; x_wconf 69' lang='lat' dir='ltr'>mihil</span> 
     </span>
    </p>
   </div>
   <div class='ocr_carea' id='block_1_8' title="bbox 276 4350 1099 4426">
    <p class='ocr_par' dir='ltr' id='par_1_9' title="bbox 276 4350 1099 4426">
     <span class='ocr_line' id='line_1_34' title="bbox 276 4350 1099 4426; baseline -0.009 -24"><span class='ocrx_word' id='word_1_276' title='bbox 276 4350 284 4383; x_wconf 79' lang='lat'><strong>¹</strong></span> <span class='ocrx_word' id='word_1_277' title='bbox 302 4352 442 4411; x_wconf 72' lang='grc'><strong>1333311,</strong></span> <span class='ocrx_word' id='word_1_278' title='bbox 455 4356 477 4411; x_wconf 84' lang='grc'>3,</span> <span class='ocrx_word' id='word_1_279' title='bbox 491 4355 708 4415; x_wconf 74' lang='lat' dir='ltr'>te-altudens,</span> <span class='ocrx_word' id='word_1_280' title='bbox 721 4356 777 4413; x_wconf 90' lang='grc'><strong>1,1,</strong></span> <span class='ocrx_word' id='word_1_281' title='bbox 791 4359 829 4402; x_wconf 65' lang='lat' dir='ltr'>el.</span> <span class='ocrx_word' id='word_1_282' title='bbox 844 4354 941 4402; x_wconf 45' lang='lat' dir='ltr'>Ald-</span> <span class='ocrx_word' id='word_1_283' title='bbox 954 4352 1031 4426; x_wconf 71' lang='grc'><strong>111,1,</strong></span> <span class='ocrx_word' id='word_1_284' title='bbox 1047 4354 1099 4398; x_wconf 81' lang='grc'><strong>138.</strong></span> 
     </span>
    </p>
   </div>
   <div class='ocr_carea' id='block_1_9' title="bbox 0 0 1633 5050">
    <p class='ocr_par' dir='ltr' id='par_1_10' title="bbox 0 0 1633 5050">
     <span class='ocr_line' id='line_1_35' title="bbox 0 0 1633 5050; baseline 0 0"><span class='ocrx_word' id='word_1_285' title='bbox 0 0 1633 5050; x_wconf 95' lang='lat' dir='ltr'> </span> 
     </span>
    </p>
   </div>
  </div>
 </body>
</html>
