<?xml version="1.0" encoding="UTF-8"?>
<!DOCTYPE html PUBLIC "-//W3C//DTD XHTML 1.0 Transitional//EN"
    "http://www.w3.org/TR/xhtml1/DTD/xhtml1-transitional.dtd">
<html xmlns="http://www.w3.org/1999/xhtml" xml:lang="en" lang="en">
 <head>
  <title>
</title>
<meta http-equiv="Content-Type" content="text/html;charset=utf-8" />
  <meta name='ocr-system' content='tesseract 3.04.00' />
  <meta name='ocr-capabilities' content='ocr_page ocr_carea ocr_par ocr_line ocrx_word'/>
</head>
<body>
  <div class='ocr_page' id='page_1' title='image "./depersonismulie00benogoog_0072.png"; bbox 0 0 3250 5050; ppageno 0'>
   <div class='ocr_carea' id='block_1_1' title="bbox 765 353 948 417">
    <p class='ocr_par' dir='ltr' id='par_1_1' title="bbox 765 353 948 417">
     <span class='ocr_line' id='line_1_1' title="bbox 765 353 948 417; baseline 0 -17"><span class='ocrx_word' id='word_1_1' title='bbox 765 353 948 417; x_wconf 66' lang='lat'>..50-</span> 
     </span>
    </p>
   </div>
   <div class='ocr_carea' id='block_1_2' title="bbox 264 491 1401 2657">
    <p class='ocr_par' dir='ltr' id='par_1_2' title="bbox 264 491 1401 2657">
     <span class='ocr_line' id='line_1_2' title="bbox 319 491 1396 584; baseline 0.002 -26"><span class='ocrx_word' id='word_1_2' title='bbox 319 511 385 584; x_wconf 83' lang='lat' dir='ltr'>rnos</span> <span class='ocrx_word' id='word_1_3' title='bbox 396 511 500 559; x_wconf 91' lang='lat' dir='ltr'>sensus</span> <span class='ocrx_word' id='word_1_4' title='bbox 510 509 572 578; x_wconf 80' lang='grc'>333</span> <span class='ocrx_word' id='word_1_5' title='bbox 584 511 615 557; x_wconf 88' lang='grc'>33</span> <span class='ocrx_word' id='word_1_6' title='bbox 624 492 734 556; x_wconf 91' lang='lat' dir='ltr'>ferunt.</span> <span class='ocrx_word' id='word_1_7' title='bbox 752 491 953 558; x_wconf 89' lang='lat' dir='ltr'>Phronesium</span> <span class='ocrx_word' id='word_1_8' title='bbox 963 511 1064 558; x_wconf 89' lang='lat' dir='ltr'>nonne</span> <span class='ocrx_word' id='word_1_9' title='bbox 1073 492 1186 558; x_wconf 87' lang='lat' dir='ltr'>advena</span> <span class='ocrx_word' id='word_1_10' title='bbox 1195 503 1240 559; x_wconf 90' lang='grc'>331</span> <span class='ocrx_word' id='word_1_11' title='bbox 1251 493 1396 560; x_wconf 89' lang='lat' dir='ltr'>rusticum</span> 
     </span>
     <span class='ocr_line' id='line_1_3' title="bbox 320 601 1397 688; baseline 0.004 -22"><span class='ocrx_word' id='word_1_12' title='bbox 320 601 417 668; x_wconf 90' lang='lat' dir='ltr'>adhuc</span> <span class='ocrx_word' id='word_1_13' title='bbox 430 601 660 679; x_wconf 72' lang='lat' dir='ltr'>adolescentem,</span> <span class='ocrx_word' id='word_1_14' title='bbox 675 609 849 686; x_wconf 90' lang='lat' dir='ltr'>corruptum</span> <span class='ocrx_word' id='word_1_15' title='bbox 862 603 1006 681; x_wconf 89' lang='lat' dir='ltr'>nobilem,</span> <span class='ocrx_word' id='word_1_16' title='bbox 1019 603 1123 688; x_wconf 88' lang='lat' dir='ltr'>spoliis</span> <span class='ocrx_word' id='word_1_17' title='bbox 1146 612 1286 669; x_wconf 89' lang='lat' dir='ltr'>onustum</span> <span class='ocrx_word' id='word_1_18' title='bbox 1301 604 1397 688; x_wconf 89' lang='lat' dir='ltr'>legio—</span> 
     </span>
     <span class='ocr_line' id='line_1_4' title="bbox 321 709 1397 797; baseline 0.004 -23"><span class='ocrx_word' id='word_1_19' title='bbox 321 709 452 775; x_wconf 83' lang='lat' dir='ltr'>narium¹</span> <span class='ocrx_word' id='word_1_20' title='bbox 471 762 479 788; x_wconf 93' lang='lat'>,</span> <span class='ocrx_word' id='word_1_21' title='bbox 494 710 549 776; x_wconf 90' lang='lat' dir='ltr'>etsi</span> <span class='ocrx_word' id='word_1_22' title='bbox 573 709 744 775; x_wconf 89' lang='lat' dir='ltr'>nominihus</span> <span class='ocrx_word' id='word_1_23' title='bbox 759 710 865 794; x_wconf 82' lang='lat' dir='ltr'>graecis</span> <span class='ocrx_word' id='word_1_24' title='bbox 887 709 961 776; x_wconf 90' lang='lat' dir='ltr'>falso</span> <span class='ocrx_word' id='word_1_25' title='bbox 974 712 1151 797; x_wconf 90' lang='lat' dir='ltr'>appellatos,</span> <span class='ocrx_word' id='word_1_26' title='bbox 1166 715 1317 778; x_wconf 84' lang='lat' dir='ltr'>Romanos</span> <span class='ocrx_word' id='word_1_27' title='bbox 1340 713 1397 778; x_wconf 91' lang='lat' dir='ltr'>ho-</span> 
     </span>
     <span class='ocr_line' id='line_1_5' title="bbox 264 817 1397 897; baseline 0.003 -14"><span class='ocrx_word' id='word_1_28' title='bbox 264 848 269 854; x_wconf 95' lang='lat'>·</span> <span class='ocrx_word' id='word_1_29' title='bbox 319 817 416 884; x_wconf 90' lang='lat' dir='ltr'>mines</span> <span class='ocrx_word' id='word_1_30' title='bbox 430 827 519 897; x_wconf 90' lang='lat' dir='ltr'>certe,</span> <span class='ocrx_word' id='word_1_31' title='bbox 535 818 650 883; x_wconf 90' lang='lat' dir='ltr'>fallacia</span> <span class='ocrx_word' id='word_1_32' title='bbox 664 818 821 895; x_wconf 81' lang='lat' dir='ltr'>deludens,</span> <span class='ocrx_word' id='word_1_33' title='bbox 836 819 899 884; x_wconf 91' lang='lat' dir='ltr'>imo</span> <span class='ocrx_word' id='word_1_34' title='bbox 913 820 1184 886; x_wconf 80' lang='lat' dir='ltr'>communicatione</span> <span class='ocrx_word' id='word_1_35' title='bbox 1197 821 1319 887; x_wconf 89' lang='lat' dir='ltr'>sceleris</span> <span class='ocrx_word' id='word_1_36' title='bbox 1329 841 1397 886; x_wconf 86' lang='lat' dir='ltr'>ma-</span> 
     </span>
     <span class='ocr_line' id='line_1_6' title="bbox 320 927 1391 1015; baseline 0.001 -20"><span class='ocrx_word' id='word_1_37' title='bbox 320 939 438 995; x_wconf 90' lang='lat' dir='ltr'>tronam</span> <span class='ocrx_word' id='word_1_38' title='bbox 453 928 490 994; x_wconf 91' lang='lat' dir='ltr'>ad</span> <span class='ocrx_word' id='word_1_39' title='bbox 504 948 537 994; x_wconf 89' lang='lat' dir='ltr'>se</span> <span class='ocrx_word' id='word_1_40' title='bbox 548 927 746 1015; x_wconf 76' lang='lat' dir='ltr'>deprimens².</span> <span class='ocrx_word' id='word_1_41' title='bbox 764 932 832 995; x_wconf 91' lang='lat' dir='ltr'>Non</span> <span class='ocrx_word' id='word_1_42' title='bbox 846 928 928 995; x_wconf 93' lang='lat' dir='ltr'>enim</span> <span class='ocrx_word' id='word_1_43' title='bbox 942 931 1032 1015; x_wconf 84' lang='lat' dir='ltr'>longe</span> <span class='ocrx_word' id='word_1_44' title='bbox 1046 930 1155 996; x_wconf 91' lang='lat' dir='ltr'>absunt</span> <span class='ocrx_word' id='word_1_45' title='bbox 1168 931 1391 997; x_wconf 78' lang='lat' dir='ltr'>Bacchanalia³.</span> 
     </span>
     <span class='ocr_line' id='line_1_7' title="bbox 320 1037 1395 1120; baseline 0.001 -15"><span class='ocrx_word' id='word_1_46' title='bbox 320 1039 405 1105; x_wconf 88' lang='lat' dir='ltr'>Idem</span> <span class='ocrx_word' id='word_1_47' title='bbox 428 1038 525 1103; x_wconf 88' lang='lat' dir='ltr'>dicam</span> <span class='ocrx_word' id='word_1_48' title='bbox 540 1038 577 1103; x_wconf 90' lang='lat' dir='ltr'>de</span> <span class='ocrx_word' id='word_1_49' title='bbox 599 1037 807 1117; x_wconf 91' lang='lat' dir='ltr'>Bacchidibus,</span> <span class='ocrx_word' id='word_1_50' title='bbox 822 1038 904 1112; x_wconf 89' lang='lat' dir='ltr'>idem</span> <span class='ocrx_word' id='word_1_51' title='bbox 927 1040 965 1104; x_wconf 94' lang='lat' dir='ltr'>de</span> <span class='ocrx_word' id='word_1_52' title='bbox 985 1041 1198 1120; x_wconf 85' lang='lat' dir='ltr'>Acroteleutio,</span> <span class='ocrx_word' id='word_1_53' title='bbox 1213 1042 1342 1107; x_wconf 91' lang='lat' dir='ltr'>muliere</span> <span class='ocrx_word' id='word_1_54' title='bbox 1358 1042 1395 1106; x_wconf 92' lang='lat' dir='ltr'>ad</span> 
     </span>
     <span class='ocr_line' id='line_1_8' title="bbox 321 1149 1397 1234; baseline 0.002 -21"><span class='ocrx_word' id='word_1_55' title='bbox 321 1168 435 1225; x_wconf 84' lang='lat' dir='ltr'>omnes¹</span> <span class='ocrx_word' id='word_1_56' title='bbox 448 1169 496 1214; x_wconf 90' lang='lat' dir='ltr'>res</span> <span class='ocrx_word' id='word_1_57' title='bbox 510 1158 623 1234; x_wconf 91' lang='lat' dir='ltr'>parata,</span> <span class='ocrx_word' id='word_1_58' title='bbox 638 1158 671 1213; x_wconf 89' lang='lat' dir='ltr'>ut</span> <span class='ocrx_word' id='word_1_59' title='bbox 689 1169 759 1234; x_wconf 89' lang='lat' dir='ltr'>opes</span> <span class='ocrx_word' id='word_1_60' title='bbox 774 1149 946 1234; x_wconf 82' lang='lat' dir='ltr'>amplificet.</span> <span class='ocrx_word' id='word_1_61' title='bbox 965 1152 1109 1216; x_wconf 81' lang='lat' dir='ltr'>Romana</span> <span class='ocrx_word' id='word_1_62' title='bbox 1132 1160 1201 1216; x_wconf 87' lang='lat' dir='ltr'>sunt</span> <span class='ocrx_word' id='word_1_63' title='bbox 1223 1151 1285 1216; x_wconf 78' lang='lat' dir='ltr'>illae</span> <span class='ocrx_word' id='word_1_64' title='bbox 1303 1151 1397 1216; x_wconf 85' lang='lat' dir='ltr'>clien-</span> 
     </span>
     <span class='ocr_line' id='line_1_9' title="bbox 286 1257 1398 1344; baseline 0.002 -23"><span class='ocrx_word' id='word_1_65' title='bbox 286 1282 288 1286; x_wconf 92' lang='lat'>·</span> <span class='ocrx_word' id='word_1_66' title='bbox 321 1257 401 1337; x_wconf 82' lang='lat' dir='ltr'>telae,</span> <span class='ocrx_word' id='word_1_67' title='bbox 415 1257 523 1343; x_wconf 89' lang='lat' dir='ltr'>quibus</span> <span class='ocrx_word' id='word_1_68' title='bbox 536 1258 709 1324; x_wconf 86' lang='lat' dir='ltr'>meretrices</span> <span class='ocrx_word' id='word_1_69' title='bbox 723 1259 926 1344; x_wconf 91' lang='lat' dir='ltr'>potentiorum</span> <span class='ocrx_word' id='word_1_70' title='bbox 940 1260 1074 1325; x_wconf 81' lang='lat' dir='ltr'>viromm</span> <span class='ocrx_word' id='word_1_71' title='bbox 1091 1270 1121 1326; x_wconf 92' lang='grc'>31</span> <span class='ocrx_word' id='word_1_72' title='bbox 1135 1260 1316 1326; x_wconf 88' lang='lat' dir='ltr'>feminamm</span> <span class='ocrx_word' id='word_1_73' title='bbox 1328 1259 1398 1324; x_wconf 88' lang='lat' dir='ltr'>illu-</span> 
     </span>
     <span class='ocr_line' id='line_1_10' title="bbox 323 1366 1399 1455; baseline 0 -23"><span class='ocrx_word' id='word_1_74' title='bbox 323 1366 430 1433; x_wconf 88' lang='lat' dir='ltr'>strium</span> <span class='ocrx_word' id='word_1_75' title='bbox 452 1367 651 1453; x_wconf 90' lang='lat' dir='ltr'>patrocinium</span> <span class='ocrx_word' id='word_1_76' title='bbox 674 1367 1399 1455; x_wconf 66' lang='grc'><strong>3313313331*;113133331113333113333,3311333</strong></span> 
     </span>
     <span class='ocr_line' id='line_1_11' title="bbox 321 1477 1398 1565; baseline 0 -22"><span class='ocrx_word' id='word_1_77' title='bbox 321 1477 442 1563; x_wconf 88' lang='lat' dir='ltr'>pellices</span> <span class='ocrx_word' id='word_1_78' title='bbox 455 1479 486 1544; x_wconf 92' lang='lat' dir='ltr'>in</span> <span class='ocrx_word' id='word_1_79' title='bbox 501 1489 619 1565; x_wconf 92' lang='lat' dir='ltr'>tempus</span> <span class='ocrx_word' id='word_1_80' title='bbox 633 1488 855 1564; x_wconf 89' lang='lat' dir='ltr'>comparantur,</span> <span class='ocrx_word' id='word_1_81' title='bbox 869 1488 902 1543; x_wconf 90' lang='lat' dir='ltr'>ut</span> <span class='ocrx_word' id='word_1_82' title='bbox 918 1479 1053 1545; x_wconf 90' lang='lat' dir='ltr'>videmus</span> <span class='ocrx_word' id='word_1_83' title='bbox 1065 1480 1097 1544; x_wconf 93' lang='lat' dir='ltr'>in</span> <span class='ocrx_word' id='word_1_84' title='bbox 1110 1480 1309 1546; x_wconf 82' lang='lat' dir='ltr'>Bacchidibus</span> <span class='ocrx_word' id='word_1_85' title='bbox 1323 1479 1398 1544; x_wconf 91' lang='lat' dir='ltr'>etin</span> 
     </span>
     <span class='ocr_line' id='line_1_12' title="bbox 320 1580 1398 1673; baseline -0.001 -21"><span class='ocrx_word' id='word_1_86' title='bbox 320 1587 457 1653; x_wconf 77' lang='lat' dir='ltr'>Asinaria</span> <span class='ocrx_word' id='word_1_87' title='bbox 471 1587 535 1653; x_wconf 87' lang='lat' dir='ltr'>lieri</span> <span class='ocrx_word' id='word_1_88' title='bbox 551 1589 576 1653; x_wconf 77' lang='lat'>⁵.</span> <span class='ocrx_word' id='word_1_89' title='bbox 594 1580 680 1654; x_wconf 86' lang='lat' dir='ltr'>Adde</span> <span class='ocrx_word' id='word_1_90' title='bbox 695 1587 755 1652; x_wconf 90' lang='lat' dir='ltr'>vim</span> <span class='ocrx_word' id='word_1_91' title='bbox 770 1587 936 1673; x_wconf 72' lang='lat' dir='ltr'>sepissime</span> <span class='ocrx_word' id='word_1_92' title='bbox 951 1588 1065 1654; x_wconf 89' lang='lat' dir='ltr'>illatam</span> <span class='ocrx_word' id='word_1_93' title='bbox 1081 1588 1200 1654; x_wconf 91' lang='lat' dir='ltr'>miseris</span> <span class='ocrx_word' id='word_1_94' title='bbox 1213 1587 1398 1653; x_wconf 83' lang='lat' dir='ltr'>mulierculis</span> 
     </span>
     <span class='ocr_line' id='line_1_13' title="bbox 321 1697 1398 1764; baseline 0.002 -4"><span class='ocrx_word' id='word_1_95' title='bbox 321 1697 353 1761; x_wconf 94' lang='lat' dir='ltr'>in</span> <span class='ocrx_word' id='word_1_96' title='bbox 368 1697 522 1762; x_wconf 86' lang='lat' dir='ltr'>servitium</span> <span class='ocrx_word' id='word_1_97' title='bbox 536 1699 574 1764; x_wconf 91' lang='lat' dir='ltr'>ab</span> <span class='ocrx_word' id='word_1_98' title='bbox 589 1699 772 1764; x_wconf 83' lang='lat' dir='ltr'>amatoribus</span> <span class='ocrx_word' id='word_1_99' title='bbox 786 1697 910 1763; x_wconf 87' lang='lat' dir='ltr'>abactis.</span> <span class='ocrx_word' id='word_1_100' title='bbox 928 1697 1007 1763; x_wconf 95' lang='lat' dir='ltr'>lllud</span> <span class='ocrx_word' id='word_1_101' title='bbox 1020 1699 1111 1764; x_wconf 89' lang='lat' dir='ltr'>etiam</span> <span class='ocrx_word' id='word_1_102' title='bbox 1131 1701 1282 1764; x_wconf 84' lang='lat' dir='ltr'>Romanos</span> <span class='ocrx_word' id='word_1_103' title='bbox 1299 1717 1398 1762; x_wconf 84' lang='lat' dir='ltr'>mores</span> 
     </span>
     <span class='ocr_line' id='line_1_14' title="bbox 322 1806 1398 1894; baseline 0 -22"><span class='ocrx_word' id='word_1_104' title='bbox 322 1815 456 1886; x_wconf 90' lang='lat' dir='ltr'>testatur,</span> <span class='ocrx_word' id='word_1_105' title='bbox 471 1807 552 1894; x_wconf 89' lang='lat' dir='ltr'>quod</span> <span class='ocrx_word' id='word_1_106' title='bbox 566 1808 647 1872; x_wconf 91' lang='lat' dir='ltr'>nulla</span> <span class='ocrx_word' id='word_1_107' title='bbox 659 1808 722 1873; x_wconf 90' lang='lat' dir='ltr'>fere</span> <span class='ocrx_word' id='word_1_108' title='bbox 733 1807 766 1872; x_wconf 83' lang='lat' dir='ltr'>fit</span> <span class='ocrx_word' id='word_1_109' title='bbox 789 1806 903 1872; x_wconf 86' lang='lat' dir='ltr'>mentio</span> <span class='ocrx_word' id='word_1_110' title='bbox 923 1807 961 1872; x_wconf 90' lang='lat' dir='ltr'>de</span> <span class='ocrx_word' id='word_1_111' title='bbox 985 1807 1180 1886; x_wconf 84' lang='lat' dir='ltr'>concubinis,</span> <span class='ocrx_word' id='word_1_112' title='bbox 1199 1827 1268 1892; x_wconf 73' lang='lat' dir='ltr'>quaa</span> <span class='ocrx_word' id='word_1_113' title='bbox 1283 1807 1398 1872; x_wconf 91' lang='lat' dir='ltr'>similes</span> 
     </span>
     <span class='ocr_line' id='line_1_15' title="bbox 319 1915 1398 2006; baseline 0 -25"><span class='ocrx_word' id='word_1_114' title='bbox 319 1916 527 2006; x_wconf 67' lang='grc'><strong>3131133333</strong></span> <span class='ocrx_word' id='word_1_115' title='bbox 543 1917 727 1995; x_wconf 88' lang='lat' dir='ltr'>Graecorum,</span> <span class='ocrx_word' id='word_1_116' title='bbox 743 1917 773 1982; x_wconf 94' lang='lat' dir='ltr'>id</span> <span class='ocrx_word' id='word_1_117' title='bbox 787 1926 844 1994; x_wconf 90' lang='grc'><strong>331,</strong></span> <span class='ocrx_word' id='word_1_118' title='bbox 860 1915 897 1982; x_wconf 93' lang='lat' dir='ltr'>de</span> <span class='ocrx_word' id='word_1_119' title='bbox 912 1917 1015 1983; x_wconf 92' lang='lat' dir='ltr'>liberis</span> <span class='ocrx_word' id='word_1_120' title='bbox 1023 1917 1245 1995; x_wconf 89' lang='lat' dir='ltr'>meretricibus,</span> <span class='ocrx_word' id='word_1_121' title='bbox 1259 1937 1328 1982; x_wconf 93' lang='lat' dir='ltr'>cum</span> <span class='ocrx_word' id='word_1_122' title='bbox 1337 1935 1398 1982; x_wconf 90' lang='lat' dir='ltr'>une</span> 
     </span>
     <span class='ocr_line' id='line_1_16' title="bbox 322 2024 1400 2112; baseline 0.003 -26"><span class='ocrx_word' id='word_1_123' title='bbox 322 2024 385 2090; x_wconf 89' lang='lat' dir='ltr'>viro</span> <span class='ocrx_word' id='word_1_124' title='bbox 397 2025 641 2092; x_wconf 86' lang='lat' dir='ltr'>conversantibus</span> <span class='ocrx_word' id='word_1_125' title='bbox 662 2025 724 2090; x_wconf 91' lang='lat' dir='ltr'>fere</span> <span class='ocrx_word' id='word_1_126' title='bbox 740 2045 867 2090; x_wconf 85' lang='lat' dir='ltr'>uxorum</span> <span class='ocrx_word' id='word_1_127' title='bbox 875 2025 944 2112; x_wconf 86' lang='lat' dir='ltr'>jure</span> <span class='ocrx_word' id='word_1_128' title='bbox 957 2027 981 2088; x_wconf 85' lang='lat'>⁶.</span> <span class='ocrx_word' id='word_1_129' title='bbox 998 2026 1108 2091; x_wconf 87' lang='lat' dir='ltr'>Contra</span> <span class='ocrx_word' id='word_1_130' title='bbox 1120 2043 1239 2111; x_wconf 86' lang='lat' dir='ltr'>magnae</span> <span class='ocrx_word' id='word_1_131' title='bbox 1250 2033 1319 2090; x_wconf 89' lang='lat' dir='ltr'>sunt</span> <span class='ocrx_word' id='word_1_132' title='bbox 1330 2045 1400 2112; x_wconf 92' lang='lat' dir='ltr'>par-</span> 
     </span>
     <span class='ocr_line' id='line_1_17' title="bbox 323 2133 1401 2219; baseline 0.003 -23"><span class='ocrx_word' id='word_1_133' title='bbox 323 2143 367 2198; x_wconf 87' lang='lat' dir='ltr'>tes</span> <span class='ocrx_word' id='word_1_134' title='bbox 379 2133 505 2213; x_wconf 72' lang='lat' dir='ltr'>lenonis</span> <span class='ocrx_word' id='word_1_135' title='bbox 523 2135 576 2219; x_wconf 89' lang='lat' dir='ltr'>qui</span> <span class='ocrx_word' id='word_1_136' title='bbox 597 2135 693 2199; x_wconf 93' lang='lat' dir='ltr'>rarius</span> <span class='ocrx_word' id='word_1_137' title='bbox 704 2134 866 2200; x_wconf 88' lang='lat' dir='ltr'>intervenit</span> <span class='ocrx_word' id='word_1_138' title='bbox 879 2135 974 2199; x_wconf 90' lang='lat' dir='ltr'>titulis</span> <span class='ocrx_word' id='word_1_139' title='bbox 987 2144 1019 2202; x_wconf 89' lang='lat' dir='ltr'>et</span> <span class='ocrx_word' id='word_1_140' title='bbox 1038 2134 1216 2219; x_wconf 78' lang='lat' dir='ltr'>fragmentis</span> <span class='ocrx_word' id='word_1_141' title='bbox 1238 2135 1401 2200; x_wconf 85' lang='lat' dir='ltr'>comoedia-</span> 
     </span>
     <span class='ocr_line' id='line_1_18' title="bbox 324 2242 1396 2322; baseline 0.003 -17"><span class='ocrx_word' id='word_1_142' title='bbox 324 2261 390 2306; x_wconf 94' lang='lat' dir='ltr'>rum</span> <span class='ocrx_word' id='word_1_143' title='bbox 408 2242 580 2308; x_wconf 84' lang='lat' dir='ltr'>Graecarum</span> <span class='ocrx_word' id='word_1_144' title='bbox 598 2244 620 2322; x_wconf 89' lang='lat'>⁷,</span> <span class='ocrx_word' id='word_1_145' title='bbox 637 2252 667 2308; x_wconf 89' lang='lat' dir='ltr'>et</span> <span class='ocrx_word' id='word_1_146' title='bbox 687 2244 781 2309; x_wconf 92' lang='lat' dir='ltr'>multo</span> <span class='ocrx_word' id='word_1_147' title='bbox 805 2243 906 2308; x_wconf 91' lang='lat' dir='ltr'>minus</span> <span class='ocrx_word' id='word_1_148' title='bbox 920 2244 1009 2310; x_wconf 88' lang='lat' dir='ltr'>habat</span> <span class='ocrx_word' id='word_1_149' title='bbox 1032 2244 1178 2308; x_wconf 90' lang='lat' dir='ltr'>momenti</span> <span class='ocrx_word' id='word_1_150' title='bbox 1192 2243 1224 2308; x_wconf 92' lang='grc'>13</span> <span class='ocrx_word' id='word_1_151' title='bbox 1248 2245 1396 2310; x_wconf 90' lang='lat' dir='ltr'>Terentio.</span> 
     </span>
     <span class='ocr_line' id='line_1_19' title="bbox 323 2351 1400 2440; baseline 0.003 -24"><span class='ocrx_word' id='word_1_152' title='bbox 323 2351 410 2436; x_wconf 84' lang='lat' dir='ltr'>Apud</span> <span class='ocrx_word' id='word_1_153' title='bbox 430 2351 571 2416; x_wconf 90' lang='lat' dir='ltr'>Plautum</span> <span class='ocrx_word' id='word_1_154' title='bbox 593 2353 741 2436; x_wconf 83' lang='lat' dir='ltr'>elegantia</span> <span class='ocrx_word' id='word_1_155' title='bbox 765 2353 869 2419; x_wconf 81' lang='lat' dir='ltr'>Graeca</span> <span class='ocrx_word' id='word_1_156' title='bbox 892 2356 1037 2419; x_wconf 86' lang='lat' dir='ltr'>Romanae</span> <span class='ocrx_word' id='word_1_157' title='bbox 1049 2353 1200 2439; x_wconf 87' lang='lat' dir='ltr'>asperitati</span> <span class='ocrx_word' id='word_1_158' title='bbox 1218 2353 1308 2418; x_wconf 87' lang='lat' dir='ltr'>cedit.</span> <span class='ocrx_word' id='word_1_159' title='bbox 1329 2353 1400 2440; x_wconf 87' lang='lat' dir='ltr'>Ejus</span> 
     </span>
     <span class='ocr_line' id='line_1_20' title="bbox 282 2460 1401 2549; baseline 0.001 -22"><span class='ocrx_word' id='word_1_160' title='bbox 282 2462 284 2468; x_wconf 87' lang='grc'><strong>’</strong></span> <span class='ocrx_word' id='word_1_161' title='bbox 324 2460 405 2527; x_wconf 89' lang='lat' dir='ltr'>enirn</span> <span class='ocrx_word' id='word_1_162' title='bbox 418 2470 564 2547; x_wconf 89' lang='lat' dir='ltr'>tempore,</span> <span class='ocrx_word' id='word_1_163' title='bbox 582 2482 620 2528; x_wconf 91' lang='lat' dir='ltr'>ne</span> <span class='ocrx_word' id='word_1_164' title='bbox 641 2462 812 2547; x_wconf 84' lang='lat' dir='ltr'>Scipionem</span> <span class='ocrx_word' id='word_1_165' title='bbox 827 2462 949 2549; x_wconf 90' lang='lat' dir='ltr'>quidem</span> <span class='ocrx_word' id='word_1_166' title='bbox 972 2463 1146 2530; x_wconf 90' lang='lat' dir='ltr'>Africanum</span> <span class='ocrx_word' id='word_1_167' title='bbox 1158 2462 1286 2549; x_wconf 86' lang='lat' dir='ltr'>pudebat</span> <span class='ocrx_word' id='word_1_168' title='bbox 1308 2463 1401 2528; x_wconf 86' lang='lat' dir='ltr'>lustra</span> 
     </span>
     <span class='ocr_line' id='line_1_21' title="bbox 323 2569 1398 2657; baseline 0.003 -23"><span class='ocrx_word' id='word_1_169' title='bbox 323 2569 432 2637; x_wconf 77' lang='lat' dir='ltr'>adiro⁸.</span> <span class='ocrx_word' id='word_1_170' title='bbox 450 2572 567 2637; x_wconf 90' lang='lat' dir='ltr'>Absunt</span> <span class='ocrx_word' id='word_1_171' title='bbox 579 2571 669 2637; x_wconf 85' lang='lat' dir='ltr'>Thais</span> <span class='ocrx_word' id='word_1_172' title='bbox 680 2573 883 2650; x_wconf 86' lang='lat' dir='ltr'>Eunuchi,rel</span> <span class='ocrx_word' id='word_1_173' title='bbox 894 2570 1018 2639; x_wconf 90' lang='lat' dir='ltr'>Bacchis</span> <span class='ocrx_word' id='word_1_174' title='bbox 1028 2575 1163 2657; x_wconf 81' lang='lat' dir='ltr'>Hecyrae,</span> <span class='ocrx_word' id='word_1_175' title='bbox 1179 2573 1210 2639; x_wconf 91' lang='lat' dir='ltr'>id</span> <span class='ocrx_word' id='word_1_176' title='bbox 1223 2582 1280 2651; x_wconf 88' lang='grc'><strong>331,</strong></span> <span class='ocrx_word' id='word_1_177' title='bbox 1299 2592 1398 2640; x_wconf 91' lang='lat' dir='ltr'>mere-</span> 
     </span>
    </p>
   </div>
   <div class='ocr_carea' id='block_1_3' title="bbox 296 2850 1403 3793">
    <p class='ocr_par' dir='ltr' id='par_1_3' title="bbox 296 2850 1403 3405">
     <span class='ocr_line' id='line_1_22' title="bbox 355 2850 1402 2916; baseline -0.001 -15"><span class='ocrx_word' id='word_1_178' title='bbox 355 2852 411 2901; x_wconf 72' lang='grc' dir='ltr'>1·Τ.</span> <span class='ocrx_word' id='word_1_179' title='bbox 423 2852 451 2901; x_wconf 88' lang='lat' dir='ltr'>L.</span> <span class='ocrx_word' id='word_1_180' title='bbox 466 2850 584 2911; x_wconf 77' lang='lat' dir='ltr'>XXXIX,</span> <span class='ocrx_word' id='word_1_181' title='bbox 605 2855 634 2911; x_wconf 89' lang='grc'>5,</span> <span class='ocrx_word' id='word_1_182' title='bbox 647 2855 716 2913; x_wconf 79' lang='grc' dir='ltr'><strong>θ,1;</strong></span> <span class='ocrx_word' id='word_1_183' title='bbox 737 2853 843 2916; x_wconf 90' lang='lat' dir='ltr'>primum</span> <span class='ocrx_word' id='word_1_184' title='bbox 860 2853 934 2903; x_wconf 88' lang='grc'><strong>133133</strong></span> <span class='ocrx_word' id='word_1_185' title='bbox 954 2861 1056 2911; x_wconf 79' lang='grc'><strong>333133,</strong></span> <span class='ocrx_word' id='word_1_186' title='bbox 1076 2860 1166 2902; x_wconf 88' lang='lat' dir='ltr'>vestem</span> <span class='ocrx_word' id='word_1_187' title='bbox 1188 2852 1332 2913; x_wconf 81' lang='lat' dir='ltr'>stragulam,</span> <span class='ocrx_word' id='word_1_188' title='bbox 1356 2859 1402 2900; x_wconf 90' lang='lat' dir='ltr'>etc.</span> 
     </span>
     <span class='ocr_line' id='line_1_23' title="bbox 323 2931 1403 2995; baseline -0.003 -14"><span class='ocrx_word' id='word_1_189' title='bbox 323 2931 795 2995; x_wconf 78' lang='grc'><strong>113313333333333331;1333331313</strong></span> <span class='ocrx_word' id='word_1_190' title='bbox 813 2933 1049 2995; x_wconf 60' lang='lat' dir='ltr'>sambucistriaeque,</span> <span class='ocrx_word' id='word_1_191' title='bbox 1069 2940 1146 2982; x_wconf 81' lang='grc'><strong>313...</strong></span> <span class='ocrx_word' id='word_1_192' title='bbox 1170 2946 1263 2994; x_wconf 88' lang='lat' dir='ltr'>coquus</span> <span class='ocrx_word' id='word_1_193' title='bbox 1283 2932 1356 2993; x_wconf 87' lang='lat' dir='ltr'>coepit</span> <span class='ocrx_word' id='word_1_194' title='bbox 1377 2932 1403 2979; x_wconf 92' lang='lat' dir='ltr'>in</span> 
     </span>
     <span class='ocr_line' id='line_1_24' title="bbox 324 3011 1403 3074; baseline -0.001 -14"><span class='ocrx_word' id='word_1_195' title='bbox 324 3012 401 3073; x_wconf 90' lang='lat' dir='ltr'>pretio</span> <span class='ocrx_word' id='word_1_196' title='bbox 412 3026 473 3060; x_wconf 88' lang='lat' dir='ltr'>esse.</span> <span class='ocrx_word' id='word_1_197' title='bbox 485 3038 516 3047; x_wconf 81' lang='lat'>—</span> <span class='ocrx_word' id='word_1_198' title='bbox 526 3011 564 3060; x_wconf 89' lang='lat' dir='ltr'>ld.</span> <span class='ocrx_word' id='word_1_199' title='bbox 574 3012 653 3070; x_wconf 87' lang='lat' dir='ltr'>XLII,</span> <span class='ocrx_word' id='word_1_200' title='bbox 669 3015 709 3059; x_wconf 72' lang='lat'>32.</span> <span class='ocrx_word' id='word_1_201' title='bbox 728 3012 797 3061; x_wconf 90' lang='lat' dir='ltr'>llulti</span> <span class='ocrx_word' id='word_1_202' title='bbox 809 3014 934 3062; x_wconf 79' lang='lat' dir='ltr'>voluntate</span> <span class='ocrx_word' id='word_1_203' title='bbox 952 3014 1054 3061; x_wconf 87' lang='lat' dir='ltr'>nomina</span> <span class='ocrx_word' id='word_1_204' title='bbox 1066 3013 1173 3071; x_wconf 86' lang='lat' dir='ltr'>dabant,</span> <span class='ocrx_word' id='word_1_205' title='bbox 1183 3012 1241 3074; x_wconf 86' lang='lat' dir='ltr'>quia</span> <span class='ocrx_word' id='word_1_206' title='bbox 1256 3011 1403 3073; x_wconf 75' lang='lat' dir='ltr'>locupletes,</span> 
     </span>
     <span class='ocr_line' id='line_1_25' title="bbox 323 3091 1402 3155; baseline -0.001 -14"><span class='ocrx_word' id='word_1_207' title='bbox 323 3093 367 3154; x_wconf 88' lang='lat' dir='ltr'>qui</span> <span class='ocrx_word' id='word_1_208' title='bbox 375 3092 469 3155; x_wconf 89' lang='lat' dir='ltr'>priores</span> <span class='ocrx_word' id='word_1_209' title='bbox 478 3092 630 3141; x_wconf 85' lang='lat' dir='ltr'>Macedonico</span> <span class='ocrx_word' id='word_1_210' title='bbox 641 3092 706 3141; x_wconf 87' lang='lat' dir='ltr'>bello</span> <span class='ocrx_word' id='word_1_211' title='bbox 719 3100 761 3141; x_wconf 89' lang='grc'>331</span> <span class='ocrx_word' id='word_1_212' title='bbox 771 3093 887 3142; x_wconf 88' lang='lat' dir='ltr'>adversus</span> <span class='ocrx_word' id='word_1_213' title='bbox 896 3093 1044 3143; x_wconf 80' lang='lat' dir='ltr'>Antiochum</span> <span class='ocrx_word' id='word_1_214' title='bbox 1053 3095 1079 3142; x_wconf 92' lang='lat' dir='ltr'>in</span> <span class='ocrx_word' id='word_1_215' title='bbox 1089 3093 1149 3142; x_wconf 88' lang='lat' dir='ltr'>Asia</span> <span class='ocrx_word' id='word_1_216' title='bbox 1158 3091 1278 3155; x_wconf 90' lang='lat' dir='ltr'>stipendia</span> <span class='ocrx_word' id='word_1_217' title='bbox 1288 3091 1402 3141; x_wconf 88' lang='lat' dir='ltr'>fecerant.</span> 
     </span>
     <span class='ocr_line' id='line_1_26' title="bbox 323 3173 1402 3238; baseline 0 -17"><span class='ocrx_word' id='word_1_218' title='bbox 323 3173 433 3223; x_wconf 83' lang='lat' dir='ltr'>—Adde</span> <span class='ocrx_word' id='word_1_219' title='bbox 447 3188 544 3223; x_wconf 89' lang='lat' dir='ltr'>versum</span> <span class='ocrx_word' id='word_1_220' title='bbox 560 3189 573 3223; x_wconf 92' lang='grc'>3</span> <span class='ocrx_word' id='word_1_221' title='bbox 589 3174 741 3222; x_wconf 81' lang='lat' dir='ltr'>Bacchidem</span> <span class='ocrx_word' id='word_1_222' title='bbox 757 3174 897 3237; x_wconf 77' lang='lat' dir='ltr'>fragmentis</span> <span class='ocrx_word' id='word_1_223' title='bbox 915 3190 922 3221; x_wconf 76' lang='grc' dir='ltr'><strong>ε</strong></span> <span class='ocrx_word' id='word_1_224' title='bbox 938 3175 1115 3224; x_wconf 89' lang='lat' dir='ltr'>Praenestinum</span> <span class='ocrx_word' id='word_1_225' title='bbox 1131 3176 1205 3238; x_wconf 92' lang='lat' dir='ltr'>opino</span> <span class='ocrx_word' id='word_1_226' title='bbox 1219 3188 1291 3223; x_wconf 89' lang='lat' dir='ltr'>esse:</span> <span class='ocrx_word' id='word_1_227' title='bbox 1305 3174 1402 3222; x_wconf 89' lang='grc'><strong>1133331</strong></span> 
     </span>
     <span class='ocr_line' id='line_1_27' title="bbox 296 3250 1401 3320; baseline 0.002 -19"><span class='ocrx_word' id='word_1_228' title='bbox 296 3310 298 3314; x_wconf 16' lang='lat' dir='ltr'>v</span> <span class='ocrx_word' id='word_1_229' title='bbox 322 3254 451 3316; x_wconf 87' lang='lat' dir='ltr'>gloriosus.</span> <span class='ocrx_word' id='word_1_230' title='bbox 468 3254 514 3313; x_wconf 81' lang='lat' dir='ltr'>Qui</span> <span class='ocrx_word' id='word_1_231' title='bbox 530 3255 615 3303; x_wconf 86' lang='lat' dir='ltr'>saltem</span> <span class='ocrx_word' id='word_1_232' title='bbox 627 3253 657 3303; x_wconf 90' lang='lat' dir='ltr'>de</span> <span class='ocrx_word' id='word_1_233' title='bbox 671 3254 742 3303; x_wconf 88' lang='grc'><strong>333113</strong></span> <span class='ocrx_word' id='word_1_234' title='bbox 755 3254 843 3303; x_wconf 88' lang='lat' dir='ltr'>dicitur</span> <span class='ocrx_word' id='word_1_235' title='bbox 862 3255 991 3320; x_wconf 79' lang='lat' dir='ltr'>auxiliares</span> <span class='ocrx_word' id='word_1_236' title='bbox 1010 3256 1092 3317; x_wconf 89' lang='lat' dir='ltr'>copias</span> <span class='ocrx_word' id='word_1_237' title='bbox 1107 3256 1224 3304; x_wconf 88' lang='lat' dir='ltr'>Romanis</span> <span class='ocrx_word' id='word_1_238' title='bbox 1248 3250 1401 3319; x_wconf 81' lang='lat' dir='ltr'>suppeditan-</span> 
     </span>
     <span class='ocr_line' id='line_1_28' title="bbox 325 3335 536 3405; baseline 0.009 -24"><span class='ocrx_word' id='word_1_239' title='bbox 325 3335 400 3387; x_wconf 87' lang='lat' dir='ltr'>tibus.</span> <span class='ocrx_word' id='word_1_240' title='bbox 521 3378 536 3405; x_wconf 60' lang='lat'><em>‚</em></span> 
     </span>
    </p>

    <p class='ocr_par' dir='ltr' id='par_1_4' title="bbox 357 3416 664 3467">
     <span class='ocr_line' id='line_1_29' title="bbox 357 3416 664 3467; baseline 0.013 -4"><span class='ocrx_word' id='word_1_241' title='bbox 357 3416 369 3449; x_wconf 81' lang='lat'>²</span> <span class='ocrx_word' id='word_1_242' title='bbox 390 3417 489 3465; x_wconf 78' lang='grc'><strong>133331.</strong></span> <span class='ocrx_word' id='word_1_243' title='bbox 503 3416 568 3467; x_wconf 88' lang='lat' dir='ltr'>Loco</span> <span class='ocrx_word' id='word_1_244' title='bbox 581 3419 664 3467; x_wconf 89' lang='lat' dir='ltr'>citato.</span> 
     </span>
    </p>

    <p class='ocr_par' dir='ltr' id='par_1_5' title="bbox 326 3496 1402 3641">
     <span class='ocr_line' id='line_1_30' title="bbox 356 3496 1402 3559; baseline -0.002 -14"><span class='ocrx_word' id='word_1_245' title='bbox 356 3496 367 3531; x_wconf 85' lang='lat'>³</span> <span class='ocrx_word' id='word_1_246' title='bbox 380 3496 438 3545; x_wconf 89' lang='lat' dir='ltr'>Post</span> <span class='ocrx_word' id='word_1_247' title='bbox 448 3499 701 3557; x_wconf 85' lang='lat' dir='ltr'>senatusconsultum,</span> <span class='ocrx_word' id='word_1_248' title='bbox 713 3498 838 3547; x_wconf 89' lang='lat' dir='ltr'>biennium</span> <span class='ocrx_word' id='word_1_249' title='bbox 850 3498 908 3547; x_wconf 78' lang='lat' dir='ltr'>vixit</span> <span class='ocrx_word' id='word_1_250' title='bbox 918 3498 1027 3546; x_wconf 84' lang='lat' dir='ltr'>Plautus.</span> <span class='ocrx_word' id='word_1_251' title='bbox 1037 3496 1072 3545; x_wconf 87' lang='lat' dir='ltr'>De</span> <span class='ocrx_word' id='word_1_252' title='bbox 1082 3496 1224 3546; x_wconf 84' lang='lat' dir='ltr'>Bacchanali</span> <span class='ocrx_word' id='word_1_253' title='bbox 1234 3496 1262 3544; x_wconf 87' lang='lat' dir='ltr'>fit</span> <span class='ocrx_word' id='word_1_254' title='bbox 1271 3496 1336 3559; x_wconf 90' lang='lat' dir='ltr'>apud</span> <span class='ocrx_word' id='word_1_255' title='bbox 1346 3510 1402 3544; x_wconf 83' lang='lat' dir='ltr'>omn</span> 
     </span>
     <span class='ocr_line' id='line_1_31' title="bbox 326 3578 780 3641; baseline 0.004 -16"><span class='ocrx_word' id='word_1_256' title='bbox 326 3578 416 3627; x_wconf 88' lang='lat' dir='ltr'>mentio</span> <span class='ocrx_word' id='word_1_257' title='bbox 430 3594 453 3628; x_wconf 92' lang='grc'>3.</span> <span class='ocrx_word' id='word_1_258' title='bbox 465 3592 501 3641; x_wconf 89' lang='lat' dir='ltr'>gr.</span> <span class='ocrx_word' id='word_1_259' title='bbox 516 3578 575 3627; x_wconf 85' lang='lat' dir='ltr'>Aul.</span> <span class='ocrx_word' id='word_1_260' title='bbox 589 3579 638 3638; x_wconf 93' lang='lat' dir='ltr'>lll,</span> <span class='ocrx_word' id='word_1_261' title='bbox 654 3583 680 3638; x_wconf 93' lang='grc'>1,</span> <span class='ocrx_word' id='word_1_262' title='bbox 695 3582 743 3628; x_wconf 88' lang='grc'>331</span> <span class='ocrx_word' id='word_1_263' title='bbox 756 3583 780 3627; x_wconf 86' lang='lat'>8.</span> 
     </span>
    </p>

    <p class='ocr_par' dir='ltr' id='par_1_6' title="bbox 355 3654 1371 3717">
     <span class='ocr_line' id='line_1_32' title="bbox 355 3654 1371 3717; baseline -0.004 -12"><span class='ocrx_word' id='word_1_264' title='bbox 355 3657 406 3705; x_wconf 69' lang='lat' dir='ltr'>ll.</span> <span class='ocrx_word' id='word_1_265' title='bbox 421 3658 448 3706; x_wconf 93' lang='lat' dir='ltr'>L.</span> <span class='ocrx_word' id='word_1_266' title='bbox 461 3659 577 3717; x_wconf 86' lang='lat' dir='ltr'>XXXIX,</span> <span class='ocrx_word' id='word_1_267' title='bbox 592 3663 616 3707; x_wconf 81' lang='lat' dir='ltr'>e.</span> <span class='ocrx_word' id='word_1_268' title='bbox 630 3688 660 3695; x_wconf 84' lang='lat'><em>-</em></span> <span class='ocrx_word' id='word_1_269' title='bbox 677 3659 688 3693; x_wconf 83' lang='lat'><strong>⁵</strong></span> <span class='ocrx_word' id='word_1_270' title='bbox 701 3659 774 3709; x_wconf 77' lang='lat' dir='ltr'>Asin,</span> <span class='ocrx_word' id='word_1_271' title='bbox 788 3660 831 3715; x_wconf 91' lang='lat' dir='ltr'>IV,</span> <span class='ocrx_word' id='word_1_272' title='bbox 847 3662 894 3707; x_wconf 88' lang='grc'>131</span> <span class='ocrx_word' id='word_1_273' title='bbox 904 3664 956 3707; x_wconf 87' lang='grc'><strong>331.</strong></span> <span class='ocrx_word' id='word_1_274' title='bbox 970 3656 1073 3706; x_wconf 85' lang='lat' dir='ltr'>Naudet.</span> <span class='ocrx_word' id='word_1_275' title='bbox 1086 3655 1150 3705; x_wconf 87' lang='lat' dir='ltr'>Bibl.</span> <span class='ocrx_word' id='word_1_276' title='bbox 1163 3654 1232 3705; x_wconf 85' lang='lat' dir='ltr'>Lem.</span> <span class='ocrx_word' id='word_1_277' title='bbox 1244 3656 1269 3712; x_wconf 93' lang='lat' dir='ltr'>l,</span> <span class='ocrx_word' id='word_1_278' title='bbox 1280 3670 1305 3717; x_wconf 91' lang='lat' dir='ltr'>p.</span> <span class='ocrx_word' id='word_1_279' title='bbox 1316 3659 1371 3703; x_wconf 71' lang='grc'><strong>111.</strong></span> 
     </span>
    </p>

    <p class='ocr_par' dir='ltr' id='par_1_7' title="bbox 354 3734 1341 3793">
     <span class='ocr_line' id='line_1_33' title="bbox 354 3734 1341 3793; baseline -0.003 -8"><span class='ocrx_word' id='word_1_280' title='bbox 354 3738 365 3771; x_wconf 72' lang='grc' dir='ltr'>θ</span> <span class='ocrx_word' id='word_1_281' title='bbox 378 3737 463 3787; x_wconf 83' lang='lat' dir='ltr'>Romae</span> <span class='ocrx_word' id='word_1_282' title='bbox 477 3740 578 3789; x_wconf 87' lang='lat' dir='ltr'>vetitum</span> <span class='ocrx_word' id='word_1_283' title='bbox 591 3748 642 3790; x_wconf 89' lang='lat' dir='ltr'>erat</span> <span class='ocrx_word' id='word_1_284' title='bbox 657 3756 687 3789; x_wconf 91' lang='grc'>33</span> <span class='ocrx_word' id='word_1_285' title='bbox 697 3741 818 3789; x_wconf 89' lang='lat' dir='ltr'>libertinae</span> <span class='ocrx_word' id='word_1_286' title='bbox 829 3740 924 3788; x_wconf 89' lang='lat' dir='ltr'>civibus</span> <span class='ocrx_word' id='word_1_287' title='bbox 935 3737 1070 3786; x_wconf 88' lang='lat' dir='ltr'>nuberent.</span> <span class='ocrx_word' id='word_1_288' title='bbox 1084 3736 1113 3785; x_wconf 90' lang='lat' dir='ltr'>T.</span> <span class='ocrx_word' id='word_1_289' title='bbox 1127 3734 1155 3783; x_wconf 86' lang='lat' dir='ltr'>L.</span> <span class='ocrx_word' id='word_1_290' title='bbox 1169 3735 1287 3793; x_wconf 88' lang='lat' dir='ltr'>XXXIX,</span> <span class='ocrx_word' id='word_1_291' title='bbox 1302 3738 1341 3783; x_wconf 81' lang='lat' dir='ltr'>re.</span> 
     </span>
    </p>
   </div>
   <div class='ocr_carea' id='block_1_4' title="bbox 262 3812 1408 3869">
    <p class='ocr_par' dir='ltr' id='par_1_8' title="bbox 262 3812 1408 3869">
     <span class='ocr_line' id='line_1_34' title="bbox 262 3812 1408 3869; baseline -0.005 0"><span class='ocrx_word' id='word_1_292' title='bbox 262 3866 263 3869; x_wconf 76' lang='grc'>,</span> <span class='ocrx_word' id='word_1_293' title='bbox 357 3815 448 3867; x_wconf 73' lang='lat' dir='ltr'>⁷luter</span> <span class='ocrx_word' id='word_1_294' title='bbox 477 3819 561 3869; x_wconf 86' lang='lat' dir='ltr'>titulos</span> <span class='ocrx_word' id='word_1_295' title='bbox 588 3820 674 3869; x_wconf 79' lang='lat' dir='ltr'>mediae</span> <span class='ocrx_word' id='word_1_296' title='bbox 706 3827 730 3869; x_wconf 90' lang='grc'>31</span> <span class='ocrx_word' id='word_1_297' title='bbox 757 3834 828 3869; x_wconf 85' lang='lat' dir='ltr'>novae</span> <span class='ocrx_word' id='word_1_298' title='bbox 857 3818 982 3868; x_wconf 81' lang='lat' dir='ltr'>comoediae</span> <span class='ocrx_word' id='word_1_299' title='bbox 1008 3816 1146 3866; x_wconf 89' lang='lat' dir='ltr'>fabularum</span> <span class='ocrx_word' id='word_1_300' title='bbox 1175 3822 1224 3864; x_wconf 87' lang='lat' dir='ltr'>tres</span> <span class='ocrx_word' id='word_1_301' title='bbox 1253 3820 1310 3863; x_wconf 90' lang='lat' dir='ltr'>sunt</span> <span class='ocrx_word' id='word_1_302' title='bbox 1335 3812 1408 3863; x_wconf 90' lang='lat' dir='ltr'>modo</span> 
     </span>
    </p>
   </div>
   <div class='ocr_carea' id='block_1_5' title="bbox 324 3904 1406 4373">
    <p class='ocr_par' dir='ltr' id='par_1_9' title="bbox 324 3904 1406 4138">
     <span class='ocr_line' id='line_1_35' title="bbox 325 3904 1406 3979; baseline -0.006 -22"><span class='ocrx_word' id='word_1_303' title='bbox 325 3904 526 3979; x_wconf 67' lang='grc' dir='ltr'><strong>Πορνόὅοσκοι,</strong></span> <span class='ocrx_word' id='word_1_304' title='bbox 543 3910 605 3958; x_wconf 87' lang='lat' dir='ltr'>etin</span> <span class='ocrx_word' id='word_1_305' title='bbox 619 3910 759 3970; x_wconf 75' lang='lat' dir='ltr'>fragmentis</span> <span class='ocrx_word' id='word_1_306' title='bbox 770 3909 893 3958; x_wconf 88' lang='lat' dir='ltr'>rarissime</span> <span class='ocrx_word' id='word_1_307' title='bbox 907 3906 1046 3957; x_wconf 86' lang='lat' dir='ltr'>meretrices</span> <span class='ocrx_word' id='word_1_308' title='bbox 1059 3906 1085 3953; x_wconf 88' lang='lat' dir='ltr'>in</span> <span class='ocrx_word' id='word_1_309' title='bbox 1100 3904 1244 3967; x_wconf 88' lang='lat' dir='ltr'>prostibulis</span> <span class='ocrx_word' id='word_1_310' title='bbox 1259 3909 1349 3952; x_wconf 86' lang='lat' dir='ltr'>stantes</span> <span class='ocrx_word' id='word_1_311' title='bbox 1362 3915 1406 3951; x_wconf 91' lang='grc'>33-</span> 
     </span>
     <span class='ocr_line' id='line_1_36' title="bbox 324 3985 1406 4053; baseline -0.004 -18"><span class='ocrx_word' id='word_1_312' title='bbox 324 3988 461 4049; x_wconf 89' lang='lat' dir='ltr'>minantur,</span> <span class='ocrx_word' id='word_1_313' title='bbox 475 3997 503 4040; x_wconf 95' lang='lat' dir='ltr'>ut</span> <span class='ocrx_word' id='word_1_314' title='bbox 516 4005 571 4053; x_wconf 86' lang='lat' dir='ltr'>quae</span> <span class='ocrx_word' id='word_1_315' title='bbox 581 3990 693 4039; x_wconf 91' lang='lat' dir='ltr'>infimum</span> <span class='ocrx_word' id='word_1_316' title='bbox 708 3988 820 4039; x_wconf 88' lang='lat' dir='ltr'>ordinem</span> <span class='ocrx_word' id='word_1_317' title='bbox 834 3988 953 4047; x_wconf 88' lang='lat' dir='ltr'>babeant,</span> <span class='ocrx_word' id='word_1_318' title='bbox 966 3994 989 4036; x_wconf 91' lang='grc'>31</span> <span class='ocrx_word' id='word_1_319' title='bbox 1003 3986 1110 4049; x_wconf 80' lang='lat' dir='ltr'>indignae</span> <span class='ocrx_word' id='word_1_320' title='bbox 1121 3985 1171 4034; x_wconf 87' lang='lat' dir='ltr'>sint</span> <span class='ocrx_word' id='word_1_321' title='bbox 1183 3986 1209 4034; x_wconf 91' lang='grc'>13</span> <span class='ocrx_word' id='word_1_322' title='bbox 1224 3985 1314 4049; x_wconf 86' lang='lat' dir='ltr'>quibus</span> <span class='ocrx_word' id='word_1_323' title='bbox 1328 3998 1353 4033; x_wconf 89' lang='lat' dir='ltr'>se</span> <span class='ocrx_word' id='word_1_324' title='bbox 1365 3997 1406 4032; x_wconf 91' lang='lat' dir='ltr'>co·</span> 
     </span>
     <span class='ocr_line' id='line_1_37' title="bbox 325 4070 759 4138; baseline 0.005 -21"><span class='ocrx_word' id='word_1_325' title='bbox 325 4070 403 4118; x_wconf 86' lang='lat' dir='ltr'>micus</span> <span class='ocrx_word' id='word_1_326' title='bbox 416 4077 487 4131; x_wconf 86' lang='lat' dir='ltr'>poeta</span> <span class='ocrx_word' id='word_1_327' title='bbox 500 4077 619 4120; x_wconf 85' lang='lat' dir='ltr'>exerceat.</span> <span class='ocrx_word' id='word_1_328' title='bbox 756 4132 759 4138; x_wconf 26' lang='grc' dir='ltr'>Ι</span> 
     </span>
    </p>

    <p class='ocr_par' dir='ltr' id='par_1_10' title="bbox 326 4146 1406 4373">
     <span class='ocr_line' id='line_1_38' title="bbox 357 4146 1406 4213; baseline -0.006 -16"><span class='ocrx_word' id='word_1_329' title='bbox 357 4150 368 4183; x_wconf 80' lang='lat'><strong>⁸</strong></span> <span class='ocrx_word' id='word_1_330' title='bbox 387 4148 466 4198; x_wconf 89' lang='lat' dir='ltr'>Etiam</span> <span class='ocrx_word' id='word_1_331' title='bbox 478 4152 520 4213; x_wconf 89' lang='lat' dir='ltr'>qui</span> <span class='ocrx_word' id='word_1_332' title='bbox 537 4165 575 4199; x_wconf 89' lang='grc'>333</span> <span class='ocrx_word' id='word_1_333' title='bbox 592 4163 691 4212; x_wconf 83' lang='lat' dir='ltr'>magnas</span> <span class='ocrx_word' id='word_1_334' title='bbox 703 4162 778 4199; x_wconf 86' lang='grc'><strong>31333</strong></span> <span class='ocrx_word' id='word_1_335' title='bbox 797 4162 862 4211; x_wconf 77' lang='lat' dir='ltr'>saepe</span> <span class='ocrx_word' id='word_1_336' title='bbox 874 4149 946 4209; x_wconf 78' lang='lat' dir='ltr'>gessit</span> <span class='ocrx_word' id='word_1_337' title='bbox 966 4148 1083 4211; x_wconf 88' lang='lat' dir='ltr'>gloriose,</span> <span class='ocrx_word' id='word_1_338' title='bbox 1096 4147 1173 4211; x_wconf 81' lang='lat' dir='ltr'>Cujus</span> <span class='ocrx_word' id='word_1_339' title='bbox 1192 4146 1254 4196; x_wconf 84' lang='lat' dir='ltr'>facta</span> <span class='ocrx_word' id='word_1_340' title='bbox 1271 4146 1324 4193; x_wconf 88' lang='lat' dir='ltr'>viva</span> <span class='ocrx_word' id='word_1_341' title='bbox 1340 4157 1406 4192; x_wconf 91' lang='lat' dir='ltr'>nunc</span> 
     </span>
     <span class='ocr_line' id='line_1_39' title="bbox 326 4224 1406 4295; baseline -0.006 -18"><span class='ocrx_word' id='word_1_342' title='bbox 326 4230 422 4291; x_wconf 87' lang='lat' dir='ltr'>vigent,</span> <span class='ocrx_word' id='word_1_343' title='bbox 435 4233 476 4293; x_wconf 88' lang='lat' dir='ltr'>qui</span> <span class='ocrx_word' id='word_1_344' title='bbox 494 4231 558 4294; x_wconf 89' lang='lat' dir='ltr'>apud</span> <span class='ocrx_word' id='word_1_345' title='bbox 581 4237 664 4295; x_wconf 85' lang='lat' dir='ltr'>gentes</span> <span class='ocrx_word' id='word_1_346' title='bbox 686 4236 799 4293; x_wconf 75' lang='lat' dir='ltr'>praestat,</span> <span class='ocrx_word' id='word_1_347' title='bbox 814 4229 876 4277; x_wconf 84' lang='lat' dir='ltr'>Eum</span> <span class='ocrx_word' id='word_1_348' title='bbox 885 4260 888 4263; x_wconf 85' lang='lat'>-</span> <span class='ocrx_word' id='word_1_349' title='bbox 898 4243 958 4277; x_wconf 93' lang='lat' dir='ltr'>suus</span> <span class='ocrx_word' id='word_1_350' title='bbox 972 4237 1039 4291; x_wconf 90' lang='lat' dir='ltr'>pater</span> <span class='ocrx_word' id='word_1_351' title='bbox 1060 4242 1116 4279; x_wconf 89' lang='lat' dir='ltr'>curn</span> <span class='ocrx_word' id='word_1_352' title='bbox 1133 4227 1206 4291; x_wconf 93' lang='lat' dir='ltr'>pallio</span> <span class='ocrx_word' id='word_1_353' title='bbox 1219 4241 1269 4276; x_wconf 92' lang='grc'>333</span> <span class='ocrx_word' id='word_1_354' title='bbox 1283 4226 1314 4274; x_wconf 85' lang='grc'>31)</span> <span class='ocrx_word' id='word_1_355' title='bbox 1328 4224 1406 4272; x_wconf 82' lang='lat' dir='ltr'>amica</span> 
     </span>
     <span class='ocr_line' id='line_1_40' title="bbox 326 4310 823 4373; baseline -0.004 -16"><span class='ocrx_word' id='word_1_356' title='bbox 326 4310 436 4360; x_wconf 79' lang='lat' dir='ltr'>abduxit.</span> <span class='ocrx_word' id='word_1_357' title='bbox 449 4310 546 4360; x_wconf 74' lang='lat' dir='ltr'>Naevius</span> <span class='ocrx_word' id='word_1_358' title='bbox 559 4326 598 4373; x_wconf 89' lang='lat' dir='ltr'>ap.</span> <span class='ocrx_word' id='word_1_359' title='bbox 613 4310 674 4361; x_wconf 85' lang='lat' dir='ltr'>Gall.</span> <span class='ocrx_word' id='word_1_360' title='bbox 686 4310 745 4367; x_wconf 92' lang='lat' dir='ltr'>Vll,</span> <span class='ocrx_word' id='word_1_361' title='bbox 759 4313 774 4357; x_wconf 86' lang='lat'><strong>8</strong></span> <span class='ocrx_word' id='word_1_362' title='bbox 779 4345 787 4369; x_wconf 94' lang='lat'>,</span> <span class='ocrx_word' id='word_1_363' title='bbox 799 4313 823 4356; x_wconf 84' lang='lat'>5.</span> 
     </span>
    </p>
   </div>
   <div class='ocr_carea' id='block_1_6' title="bbox 0 0 1638 5050">
    <p class='ocr_par' dir='ltr' id='par_1_11' title="bbox 0 0 1638 5050">
     <span class='ocr_line' id='line_1_41' title="bbox 0 0 1638 5050; baseline 0 0"><span class='ocrx_word' id='word_1_364' title='bbox 0 0 1638 5050; x_wconf 95' lang='lat' dir='ltr'> </span> 
     </span>
    </p>
   </div>
  </div>
 </body>
</html>
