3250 5050
773 421 972 506 ..sa--

324 571 370 628 est
382 562 456 628 illud
466 559 666 627 bellissomi⁴
683 577 850 643 cognomen
869 557 972 641 doloso
993 557 1101 621 marito
1122 553 1268 622 inditum!
1286 556 1403 621 Alludit

323 673 434 738 mirum
442 671 475 736 in
486 669 610 736 modum
625 668 663 734 ad
675 669 802 734 lunonis
814 668 1030 733 ettllcumenae
1044 665 1235 733 fabulamlris
1245 667 1396 732 versibus:

607 889 664 902 ......
677 854 741 903 lhac
752 867 847 904 meeum
858 861 886 902 ut
898 852 980 901 videas
991 853 1075 903 nmul

449 939 525 986 Tuam
538 937 697 986 Alcumenam
710 937 835 998 pellicem,
849 935 913 984 Juno
926 949 979 982 mea
988 935 1009 983 ¹.
1097 921 1101 938 ‘

306 1157 307 1162 ,
322 1103 432 1166 Amare
443 1099 579 1185 queritur
593 1099 631 1165 de
642 1097 823 1164 conditionis
837 1097 933 1163 virilis
944 1097 1161 1181 muliebrisque
1176 1097 1348 1182 iniquitate:

447 1285 560 1343 Ecastor,
570 1285 621 1348 lege
634 1283 697 1334 dura
708 1285 792 1332 vivont
803 1283 931 1341 mulieres,

448 1368 571 1430 Multoque
584 1367 704 1429 iniquiore
719 1367 814 1415 miserae
826 1379 899 1428 quam
913 1369 957 1414 nin
969 1363 989 1412 ³.

323 1533 425 1610 Quum
439 1551 511 1597 vero
524 1548 646 1596 rursum
659 1530 742 1596 venit
755 1529 788 1594 in
803 1530 995 1613 praesentiam
1013 1528 1211 1594 adolescentis
1226 1527 1290 1593 heri
1309 1547 1400 1612 quem

322 1641 407 1720 aluit,
423 1639 531 1706 domus
543 1660 613 1705 cura
627 1639 776 1725 praecipue
790 1647 926 1704 tenetur:
949 1639 1016 1703 Tuo
1028 1643 1131 1703 mater
1140 1659 1216 1702 rure
1230 1636 1337 1712 rediit,
1350 1637 1399 1702 in-

321 1747 403 1830 quit,
419 1769 479 1814 suo
490 1748 620 1834 quidem
636 1745 740 1813 solute
751 1755 780 1811 et
791 1747 929 1832 familie
954 1747 1107 1811 macciano.
1260 1824 1265 1827 ἱ
1414 1817 1417 1821 ,

367 1857 550 1923 iamdudum
562 1859 595 1923 in
606 1858 748 1924 herorum
758 1855 849 1923 domo
860 1866 1002 1934 versatae,
1024 1874 1198 1942 quanquam
1211 1854 1397 1920 inlimacon-

322 1967 457 2046 ditione,
483 1967 628 2053 Staphyla
640 1966 775 2051 Syraque
796 1955 863 2052 ejus
877 1965 1009 2051 quodam
1023 1963 1118 2029 modo
1127 1984 1196 2049 pars
1212 1963 1298 2029 factae
1316 1971 1397 2043 sunt,

321 2096 419 2162 neque
432 2074 524 2140 ideas
536 2074 625 2159 fugit.
642 2072 756 2139 Durius
768 2073 968 2159 appellantur,
980 2091 1051 2138 cum
1067 2071 1127 2137 illis
1138 2071 1272 2157 asperius
1283 2072 1394 2157 agitur.

321 2189 388 2252 Non
411 2193 512 2249 autem
532 2190 673 2248 metuunt
691 2203 729 2248 ne
752 2182 899 2268 supplicio
915 2181 1093 2260 afficiantur,
1107 2190 1158 2246 aut
1174 2180 1397 2246 venumdentur

320 2295 410 2361 toras.
425 2297 530 2380 ltaque
547 2312 651 2360 earum
675 2313 780 2359 sensus
803 2313 864 2358 non
876 2292 1018 2378 equidem
1031 2291 1101 2357 elati
1119 2300 1200 2370 sunt,
1216 2300 1247 2356 at
1268 2291 1397 2357 sormam
1451 2280 1461 2298 ⁶

319 2403 502 2488 peculiarem
527 2401 667 2467 induunt.
698 2403 809 2468 Ahavae
828 2410 898 2467 sunt
921 2402 1042 2466 illarum
1061 2400 1260 2480 ancillarum,
1286 2401 1398 2486 quibus
1433 2437 1436 2441 ·

319 2512 399 2599 apud
413 2511 571 2579 Molerium
584 2509 749 2596 saepissime
774 2511 985 2598 impinguntur
1006 2510 1139 2597 colaphi,
1153 2510 1323 2596 quibusque
1348 2508 1397 2575 in-

318 2630 472 2687 tentantur
488 2620 589 2700 minae,
608 2639 736 2705 quarum
758 2640 829 2686 vero
847 2639 1000 2686 sermones
1021 2620 1122 2686 lerunt
1145 2619 1394 2705 patresfamilias,

254 2735 258 2741 “
319 2750 388 2816 quae
401 2730 462 2795 lere
481 2748 599 2814 semper
615 2728 787 2794 domesticis
801 2730 834 2793 in
855 2730 947 2794 rebus
956 2728 1011 2815 jus
1025 2728 1138 2795 habent
1160 2728 1308 2813 suffragii,
1320 2749 1396 2813 qua-

319 2858 445 2924 rumque
460 2838 607 2904 sententia
620 2857 839 2923 nonnunquam
853 2837 946 2922 pollet
959 2836 1133 2922 plurimum.

369 3317 404 3365 v.
445 3336 490 3347 —
528 3314 621 3377 Quin
650 3313 961 3367 demurmurans
996 3310 1138 3382 araris
1167 3310 1244 3363 suar
1272 3310 1345 3361 nos

669 3434 821 3489 uocunr
854 3396 1036 3489 neturus.

361 3616 425 3682 Illae
437 3623 507 3679 sunt
518 3614 681 3680 mulierum
693 3614 791 3679 omnis
803 3616 922 3699 generis
931 3635 1065 3701 personae
1073 3635 1148 3701 quas
1157 3616 1395 3702 complectuntur

316 3724 416 3806 Plauti
436 3723 555 3807 sahulae.
582 3724 650 3788 lam
673 3724 784 3809 saepius
801 3744 851 3789 eas
870 3727 1074 3791 Romanarum
1091 3724 1129 3789 ad
1147 3722 1312 3809 imaginem
1328 3741 1393 3787 esse

316 3834 495 3920 compositas
508 3834 632 3920 subjeci.
649 3833 709 3899 Sed
722 3835 888 3900 carendum
902 3844 948 3900 est
965 3855 1004 3900 ne
1024 3836 1121 3899 obstet
1133 3834 1287 3919 exceptio,
1311 3840 1342 3898 et
1354 3851 1393 3905 ne

316 3943 383 4028 quis
394 3942 517 4009 omnino
529 3950 619 4027 neget
631 3940 796 4026 quidquam
818 3943 850 4007 in
864 3943 925 4008 illis
936 3962 1001 4009 esse
1012 3944 1118 4009 Plauto
1128 3940 1287 4027 peculiare.
1298 3940 1393 4005 Cons-

315 4059 360 4113 tat
372 4052 454 4116 enim
475 4070 568 4129 eum,
590 4058 758 4115 ceterorum
772 4050 949 4116 Latinorum
963 4051 1154 4117 Comicorum
1174 4068 1279 4129 more,
1305 4048 1392 4112 labu-

316 4160 359 4221 las
382 4178 398 4221 e
421 4158 525 4241 Graeca
543 4159 647 4243 lingua
660 4157 806 4237 vertisse,
833 4167 885 4223 aut
907 4160 1013 4225 saltem
1025 4158 1063 4225 de
1083 4158 1219 4244 proximo
1240 4156 1392 4237 imitatum

301 4379 309 4384 “
347 4394 355 4425 ¹
375 4390 477 4439 uertat.
490 4390 531 4449 rv,
546 4395 568 4448 r,
582 4395 624 4449 es,
637 4397 660 4439 u
673 4390 716 4449 tv,
727 4395 756 4449 s,
772 4396 810 4441 ro.
822 4393 873 4427 -2
891 4392 928 4440 ru.
939 4392 1020 4440 tato.
1034 4396 1073 4439 ea.
1084 4420 1114 4427 -
1125 4393 1137 4425 ³
1150 4392 1187 4440 ra.
1202 4392 1238 4438 tu.
1252 4393 1282 4447 o,
1299 4392 1321 4437 r.
