<?xml version="1.0" encoding="UTF-8"?>
<!DOCTYPE html PUBLIC "-//W3C//DTD XHTML 1.0 Transitional//EN"
    "http://www.w3.org/TR/xhtml1/DTD/xhtml1-transitional.dtd">
<html xmlns="http://www.w3.org/1999/xhtml" xml:lang="en" lang="en">
 <head>
  <title>
</title>
<meta http-equiv="Content-Type" content="text/html;charset=utf-8" />
  <meta name='ocr-system' content='tesseract 3.04.00' />
  <meta name='ocr-capabilities' content='ocr_page ocr_carea ocr_par ocr_line ocrx_word'/>
</head>
<body>
  <div class='ocr_page' id='page_1' title='image "./depersonismulie00benogoog_0071.png"; bbox 0 0 3250 5050; ppageno 0'>
   <div class='ocr_carea' id='block_1_1' title="bbox 673 402 856 471">
    <p class='ocr_par' dir='ltr' id='par_1_1' title="bbox 673 402 856 471">
     <span class='ocr_line' id='line_1_1' title="bbox 673 402 856 471; baseline 0 -18"><span class='ocrx_word' id='word_1_1' title='bbox 673 402 856 471; x_wconf 71' lang='lat'>...59-</span> 
     </span>
    </p>
   </div>
   <div class='ocr_carea' id='block_1_2' title="bbox 221 538 1301 740">
    <p class='ocr_par' dir='ltr' id='par_1_2' title="bbox 221 538 1301 740">
     <span class='ocr_line' id='line_1_2' title="bbox 221 538 1301 630; baseline -0.006 -18"><span class='ocrx_word' id='word_1_2' title='bbox 221 544 358 622; x_wconf 81' lang='lat' dir='ltr'>exbibet,</span> <span class='ocrx_word' id='word_1_3' title='bbox 375 544 488 630; x_wconf 86' lang='lat' dir='ltr'>aliquid</span> <span class='ocrx_word' id='word_1_4' title='bbox 503 543 608 612; x_wconf 85' lang='lat' dir='ltr'>debuit</span> <span class='ocrx_word' id='word_1_5' title='bbox 620 547 758 630; x_wconf 85' lang='lat' dir='ltr'>exemplo</span> <span class='ocrx_word' id='word_1_6' title='bbox 771 544 879 611; x_wconf 84' lang='lat' dir='ltr'>Tertiae</span> <span class='ocrx_word' id='word_1_7' title='bbox 892 541 1031 623; x_wconf 80' lang='lat' dir='ltr'>AEmiliae,</span> <span class='ocrx_word' id='word_1_8' title='bbox 1049 538 1182 607; x_wconf 80' lang='lat' dir='ltr'>Africani</span> <span class='ocrx_word' id='word_1_9' title='bbox 1192 539 1301 628; x_wconf 86' lang='lat' dir='ltr'>prioris</span> 
     </span>
     <span class='ocr_line' id='line_1_3' title="bbox 222 652 1300 740; baseline -0.003 -20"><span class='ocrx_word' id='word_1_10' title='bbox 222 656 334 735; x_wconf 84' lang='lat' dir='ltr'>uxoris,</span> <span class='ocrx_word' id='word_1_11' title='bbox 347 655 482 740; x_wconf 73' lang='lat' dir='ltr'>quadiu</span> <span class='ocrx_word' id='word_1_12' title='bbox 499 653 700 720; x_wconf 89' lang='lat' dir='ltr'>dissimulavit</span> <span class='ocrx_word' id='word_1_13' title='bbox 714 664 903 740; x_wconf 88' lang='lat' dir='ltr'>compertum</span> <span class='ocrx_word' id='word_1_14' title='bbox 916 653 972 720; x_wconf 88' lang='lat' dir='ltr'>viri</span> <span class='ocrx_word' id='word_1_15' title='bbox 982 655 1015 719; x_wconf 92' lang='lat' dir='ltr'>in</span> <span class='ocrx_word' id='word_1_16' title='bbox 1027 652 1200 719; x_wconf 89' lang='lat' dir='ltr'>ancillulam</span> <span class='ocrx_word' id='word_1_17' title='bbox 1213 669 1300 718; x_wconf 87' lang='lat' dir='ltr'>amo-</span> 
     </span>
    </p>
   </div>
   <div class='ocr_carea' id='block_1_3' title="bbox 221 758 1417 853">
    <p class='ocr_par' dir='ltr' id='par_1_3' title="bbox 221 758 1417 853">
     <span class='ocr_line' id='line_1_4' title="bbox 221 758 1417 853; baseline -0.003 -24"><span class='ocrx_word' id='word_1_18' title='bbox 221 783 285 832; x_wconf 90' lang='lat' dir='ltr'>rem</span> <span class='ocrx_word' id='word_1_19' title='bbox 297 817 305 844; x_wconf 94' lang='lat'>‚</span> <span class='ocrx_word' id='word_1_20' title='bbox 319 763 521 853; x_wconf 83' lang='lat' dir='ltr'>injuriamque</span> <span class='ocrx_word' id='word_1_21' title='bbox 538 765 607 831; x_wconf 90' lang='lat' dir='ltr'>licet</span> <span class='ocrx_word' id='word_1_22' title='bbox 626 764 718 829; x_wconf 85' lang='lat' dir='ltr'>invita</span> <span class='ocrx_word' id='word_1_23' title='bbox 740 764 857 830; x_wconf 80' lang='lat' dir='ltr'>sortiter</span> <span class='ocrx_word' id='word_1_24' title='bbox 872 762 1011 830; x_wconf 78' lang='lat' dir='ltr'>mleravit</span> <span class='ocrx_word' id='word_1_25' title='bbox 1031 764 1061 825; x_wconf 87' lang='lat'>¹.</span> <span class='ocrx_word' id='word_1_26' title='bbox 1084 764 1191 835; x_wconf 81' lang='lat' dir='ltr'>Nonne</span> <span class='ocrx_word' id='word_1_27' title='bbox 1206 758 1300 827; x_wconf 75' lang='lat' dir='ltr'>Alou-</span> <span class='ocrx_word' id='word_1_28' title='bbox 1410 761 1417 770; x_wconf 83' lang='lat'>&#39;</span> 
     </span>
    </p>
   </div>
   <div class='ocr_carea' id='block_1_4' title="bbox 162 870 1330 3572">
    <p class='ocr_par' dir='ltr' id='par_1_4' title="bbox 220 870 1330 3352">
     <span class='ocr_line' id='line_1_5' title="bbox 223 870 1302 959; baseline -0.005 -21"><span class='ocrx_word' id='word_1_29' title='bbox 223 892 311 940; x_wconf 89' lang='lat' dir='ltr'>mona</span> <span class='ocrx_word' id='word_1_30' title='bbox 324 873 441 958; x_wconf 81' lang='lat' dir='ltr'>effigies</span> <span class='ocrx_word' id='word_1_31' title='bbox 458 878 504 938; x_wconf 89' lang='lat' dir='ltr'>est</span> <span class='ocrx_word' id='word_1_32' title='bbox 517 872 673 940; x_wconf 88' lang='lat' dir='ltr'>verissima</span> <span class='ocrx_word' id='word_1_33' title='bbox 683 883 713 938; x_wconf 87' lang='lat' dir='ltr'>et</span> <span class='ocrx_word' id='word_1_34' title='bbox 725 872 886 959; x_wconf 88' lang='lat' dir='ltr'>purissima</span> <span class='ocrx_word' id='word_1_35' title='bbox 901 881 1046 938; x_wconf 85' lang='lat' dir='ltr'>matrouae</span> <span class='ocrx_word' id='word_1_36' title='bbox 1060 886 1192 936; x_wconf 77' lang='lat' dir='ltr'>romane</span> <span class='ocrx_word' id='word_1_37' title='bbox 1202 870 1302 934; x_wconf 84' lang='lat' dir='ltr'>excel-</span> 
     </span>
     <span class='ocr_line' id='line_1_6' title="bbox 222 978 1303 1067; baseline -0.004 -21"><span class='ocrx_word' id='word_1_38' title='bbox 222 981 327 1060; x_wconf 86' lang='lat' dir='ltr'>lentis,</span> <span class='ocrx_word' id='word_1_39' title='bbox 342 1001 410 1067; x_wconf 82' lang='lat' dir='ltr'>quae</span> <span class='ocrx_word' id='word_1_40' title='bbox 428 1001 578 1066; x_wconf 87' lang='lat' dir='ltr'>nusquam</span> <span class='ocrx_word' id='word_1_41' title='bbox 596 982 669 1047; x_wconf 92' lang='lat' dir='ltr'>alias</span> <span class='ocrx_word' id='word_1_42' title='bbox 690 1001 776 1066; x_wconf 83' lang='lat' dir='ltr'>aeque</span> <span class='ocrx_word' id='word_1_43' title='bbox 795 981 948 1065; x_wconf 84' lang='lat' dir='ltr'>eleganter</span> <span class='ocrx_word' id='word_1_44' title='bbox 966 979 1115 1064; x_wconf 90' lang='lat' dir='ltr'>descripta</span> <span class='ocrx_word' id='word_1_45' title='bbox 1128 978 1189 1057; x_wconf 86' lang='lat' dir='ltr'>est,</span> <span class='ocrx_word' id='word_1_46' title='bbox 1204 987 1303 1063; x_wconf 87' lang='lat' dir='ltr'>neque</span> 
     </span>
     <span class='ocr_line' id='line_1_7' title="bbox 222 1085 1304 1177; baseline -0.005 -21"><span class='ocrx_word' id='word_1_47' title='bbox 222 1091 253 1156; x_wconf 96' lang='lat' dir='ltr'>in</span> <span class='ocrx_word' id='word_1_48' title='bbox 267 1097 425 1176; x_wconf 87' lang='lat' dir='ltr'>poetarum</span> <span class='ocrx_word' id='word_1_49' title='bbox 444 1103 541 1177; x_wconf 85' lang='lat' dir='ltr'>neque</span> <span class='ocrx_word' id='word_1_50' title='bbox 558 1091 589 1156; x_wconf 93' lang='lat' dir='ltr'>in</span> <span class='ocrx_word' id='word_1_51' title='bbox 610 1100 778 1157; x_wconf 86' lang='lat' dir='ltr'>ceterorum</span> <span class='ocrx_word' id='word_1_52' title='bbox 795 1089 975 1175; x_wconf 90' lang='lat' dir='ltr'>scriptorum</span> <span class='ocrx_word' id='word_1_53' title='bbox 986 1087 1137 1174; x_wconf 86' lang='lat' dir='ltr'>operibus.</span> <span class='ocrx_word' id='word_1_54' title='bbox 1152 1085 1219 1167; x_wconf 83' lang='lat' dir='ltr'>Qua</span> <span class='ocrx_word' id='word_1_55' title='bbox 1231 1105 1304 1152; x_wconf 91' lang='lat' dir='ltr'>con-</span> 
     </span>
     <span class='ocr_line' id='line_1_8' title="bbox 222 1199 1303 1286; baseline -0.004 -21"><span class='ocrx_word' id='word_1_56' title='bbox 222 1201 363 1281; x_wconf 89' lang='lat' dir='ltr'>siderata,</span> <span class='ocrx_word' id='word_1_57' title='bbox 381 1200 584 1286; x_wconf 82' lang='lat' dir='ltr'>intelligimus</span> <span class='ocrx_word' id='word_1_58' title='bbox 596 1209 692 1267; x_wconf 90' lang='lat' dir='ltr'>castos</span> <span class='ocrx_word' id='word_1_59' title='bbox 706 1216 806 1267; x_wconf 89' lang='lat' dir='ltr'>mores</span> <span class='ocrx_word' id='word_1_60' title='bbox 822 1199 958 1285; x_wconf 87' lang='lat' dir='ltr'>priorum</span> <span class='ocrx_word' id='word_1_61' title='bbox 974 1202 1195 1276; x_wconf 83' lang='lat' dir='ltr'>Romanonrm,</span> <span class='ocrx_word' id='word_1_62' title='bbox 1215 1214 1303 1262; x_wconf 90' lang='lat' dir='ltr'>amo·</span> 
     </span>
     <span class='ocr_line' id='line_1_9' title="bbox 220 1304 1330 1396; baseline -0.006 -20"><span class='ocrx_word' id='word_1_63' title='bbox 220 1327 286 1376; x_wconf 87' lang='lat' dir='ltr'>rem</span> <span class='ocrx_word' id='word_1_64' title='bbox 295 1309 473 1376; x_wconf 89' lang='lat' dir='ltr'>maritorum</span> <span class='ocrx_word' id='word_1_65' title='bbox 483 1329 553 1396; x_wconf 85' lang='lat' dir='ltr'>erga</span> <span class='ocrx_word' id='word_1_66' title='bbox 565 1310 718 1396; x_wconf 82' lang='lat' dir='ltr'>conjuges,</span> <span class='ocrx_word' id='word_1_67' title='bbox 732 1309 765 1374; x_wconf 92' lang='lat' dir='ltr'>in</span> <span class='ocrx_word' id='word_1_68' title='bbox 774 1317 887 1374; x_wconf 88' lang='lat' dir='ltr'>matres</span> <span class='ocrx_word' id='word_1_69' title='bbox 896 1307 1062 1373; x_wconf 90' lang='lat' dir='ltr'>liberorum</span> <span class='ocrx_word' id='word_1_70' title='bbox 1073 1304 1300 1383; x_wconf 81' lang='lat' dir='ltr'>reverentiam²;</span> <span class='ocrx_word' id='word_1_71' title='bbox 1327 1323 1330 1329; x_wconf 90' lang='lat'>·</span> 
     </span>
     <span class='ocr_line' id='line_1_10' title="bbox 223 1413 1302 1497; baseline -0.004 -14"><span class='ocrx_word' id='word_1_72' title='bbox 223 1418 362 1483; x_wconf 88' lang='lat' dir='ltr'>novimus</span> <span class='ocrx_word' id='word_1_73' title='bbox 374 1438 427 1484; x_wconf 85' lang='lat' dir='ltr'>cur</span> <span class='ocrx_word' id='word_1_74' title='bbox 438 1417 554 1483; x_wconf 87' lang='lat' dir='ltr'>tamdiu</span> <span class='ocrx_word' id='word_1_75' title='bbox 572 1418 620 1483; x_wconf 87' lang='lat' dir='ltr'>lex</span> <span class='ocrx_word' id='word_1_76' title='bbox 632 1417 752 1497; x_wconf 83' lang='lat' dir='ltr'>divortii</span> <span class='ocrx_word' id='word_1_77' title='bbox 763 1416 914 1482; x_wconf 83' lang='lat' dir='ltr'>manserit</span> <span class='ocrx_word' id='word_1_78' title='bbox 926 1413 1054 1481; x_wconf 89' lang='lat' dir='ltr'>inutilis.</span> <span class='ocrx_word' id='word_1_79' title='bbox 1071 1413 1123 1480; x_wconf 88' lang='lat' dir='ltr'>Sic</span> <span class='ocrx_word' id='word_1_80' title='bbox 1143 1414 1302 1480; x_wconf 79' lang='lat' dir='ltr'>redeuntes</span> 
     </span>
     <span class='ocr_line' id='line_1_11' title="bbox 221 1523 1302 1613; baseline -0.003 -19"><span class='ocrx_word' id='word_1_81' title='bbox 221 1547 239 1594; x_wconf 94' lang='lat' dir='ltr'>e</span> <span class='ocrx_word' id='word_1_82' title='bbox 252 1527 331 1594; x_wconf 88' lang='lat' dir='ltr'>bollo</span> <span class='ocrx_word' id='word_1_83' title='bbox 344 1523 469 1594; x_wconf 88' lang='lat' dir='ltr'>maritos</span> <span class='ocrx_word' id='word_1_84' title='bbox 481 1527 671 1613; x_wconf 83' lang='lat' dir='ltr'>excipiebant</span> <span class='ocrx_word' id='word_1_85' title='bbox 683 1527 743 1594; x_wconf 86' lang='lat' dir='ltr'>illae</span> <span class='ocrx_word' id='word_1_86' title='bbox 755 1535 882 1607; x_wconf 88' lang='lat' dir='ltr'>veteres,</span> <span class='ocrx_word' id='word_1_87' title='bbox 898 1524 1055 1611; x_wconf 76' lang='lat' dir='ltr'>Spartanis</span> <span class='ocrx_word' id='word_1_88' title='bbox 1064 1524 1165 1591; x_wconf 90' lang='lat' dir='ltr'>minus</span> <span class='ocrx_word' id='word_1_89' title='bbox 1177 1543 1302 1610; x_wconf 80' lang='lat' dir='ltr'>asperae,</span> 
     </span>
     <span class='ocr_line' id='line_1_12' title="bbox 223 1635 1304 1723; baseline -0.001 -21"><span class='ocrx_word' id='word_1_90' title='bbox 223 1637 304 1704; x_wconf 90' lang='lat' dir='ltr'>baud</span> <span class='ocrx_word' id='word_1_91' title='bbox 317 1637 418 1703; x_wconf 91' lang='lat' dir='ltr'>minus</span> <span class='ocrx_word' id='word_1_92' title='bbox 431 1637 608 1706; x_wconf 85' lang='lat' dir='ltr'>bellicarum</span> <span class='ocrx_word' id='word_1_93' title='bbox 620 1637 766 1706; x_wconf 83' lang='lat' dir='ltr'>virtutum</span> <span class='ocrx_word' id='word_1_94' title='bbox 779 1635 976 1716; x_wconf 88' lang='lat' dir='ltr'>hortatricos;</span> <span class='ocrx_word' id='word_1_95' title='bbox 996 1637 1039 1704; x_wconf 91' lang='lat' dir='ltr'>sio</span> <span class='ocrx_word' id='word_1_96' title='bbox 1059 1636 1143 1702; x_wconf 83' lang='lat' dir='ltr'>fretae</span> <span class='ocrx_word' id='word_1_97' title='bbox 1158 1635 1304 1723; x_wconf 81' lang='lat' dir='ltr'>pudicitia</span> 
     </span>
     <span class='ocr_line' id='line_1_13' title="bbox 223 1743 1304 1832; baseline 0.002 -22"><span class='ocrx_word' id='word_1_98' title='bbox 223 1744 326 1830; x_wconf 90' lang='lat' dir='ltr'>iniqua</span> <span class='ocrx_word' id='word_1_99' title='bbox 338 1745 498 1831; x_wconf 90' lang='lat' dir='ltr'>opprobria</span> <span class='ocrx_word' id='word_1_100' title='bbox 511 1748 702 1832; x_wconf 82' lang='lat' dir='ltr'>respuebant.</span> <span class='ocrx_word' id='word_1_101' title='bbox 721 1745 915 1832; x_wconf 75' lang='lat' dir='ltr'>concipimus</span> <span class='ocrx_word' id='word_1_102' title='bbox 938 1747 1054 1827; x_wconf 90' lang='lat' dir='ltr'>animo,</span> <span class='ocrx_word' id='word_1_103' title='bbox 1078 1764 1171 1831; x_wconf 90' lang='lat' dir='ltr'>quum</span> <span class='ocrx_word' id='word_1_104' title='bbox 1188 1743 1304 1812; x_wconf 77' lang='lat' dir='ltr'>audivi-</span> 
     </span>
     <span class='ocr_line' id='line_1_14' title="bbox 223 1854 1304 1934; baseline 0.002 -15"><span class='ocrx_word' id='word_1_105' title='bbox 223 1867 290 1920; x_wconf 90' lang='lat' dir='ltr'>mus</span> <span class='ocrx_word' id='word_1_106' title='bbox 304 1855 511 1934; x_wconf 75' lang='lat' dir='ltr'>Alcumenam,</span> <span class='ocrx_word' id='word_1_107' title='bbox 534 1855 680 1922; x_wconf 87' lang='lat' dir='ltr'>bonorem</span> <span class='ocrx_word' id='word_1_108' title='bbox 703 1856 790 1922; x_wconf 90' lang='lat' dir='ltr'>illum</span> <span class='ocrx_word' id='word_1_109' title='bbox 813 1877 831 1921; x_wconf 90' lang='lat' dir='ltr'>a</span> <span class='ocrx_word' id='word_1_110' title='bbox 854 1856 997 1923; x_wconf 86' lang='lat' dir='ltr'>Romania</span> <span class='ocrx_word' id='word_1_111' title='bbox 1010 1854 1127 1921; x_wconf 89' lang='lat' dir='ltr'>tamdiu</span> <span class='ocrx_word' id='word_1_112' title='bbox 1141 1854 1304 1921; x_wconf 55' lang='lat' dir='ltr'>matribus*</span> 
     </span>
     <span class='ocr_line' id='line_1_15' title="bbox 224 1962 1302 2050; baseline 0 -22"><span class='ocrx_word' id='word_1_113' title='bbox 224 1962 353 2028; x_wconf 89' lang='lat' dir='ltr'>lamilias</span> <span class='ocrx_word' id='word_1_114' title='bbox 366 1962 537 2028; x_wconf 89' lang='lat' dir='ltr'>adhibitum</span> <span class='ocrx_word' id='word_1_115' title='bbox 546 1965 571 2027; x_wconf 82' lang='lat'>³.</span> <span class='ocrx_word' id='word_1_116' title='bbox 591 1963 641 2030; x_wconf 95' lang='lat' dir='ltr'>Nil</span> <span class='ocrx_word' id='word_1_117' title='bbox 652 1965 716 2050; x_wconf 89' lang='lat' dir='ltr'>jam</span> <span class='ocrx_word' id='word_1_118' title='bbox 732 1965 823 2030; x_wconf 89' lang='lat' dir='ltr'>babet</span> <span class='ocrx_word' id='word_1_119' title='bbox 833 1963 944 2030; x_wconf 87' lang='lat' dir='ltr'>mirum</span> <span class='ocrx_word' id='word_1_120' title='bbox 957 1964 1088 2029; x_wconf 90' lang='lat' dir='ltr'>narratio</span> <span class='ocrx_word' id='word_1_121' title='bbox 1102 1963 1140 2028; x_wconf 90' lang='lat' dir='ltr'>de</span> <span class='ocrx_word' id='word_1_122' title='bbox 1153 1963 1302 2043; x_wconf 86' lang='lat' dir='ltr'>Lucretia,</span> 
     </span>
     <span class='ocr_line' id='line_1_16' title="bbox 227 2069 1304 2157; baseline -0.001 -22"><span class='ocrx_word' id='word_1_123' title='bbox 227 2069 265 2136; x_wconf 90' lang='lat' dir='ltr'>de</span> <span class='ocrx_word' id='word_1_124' title='bbox 280 2070 448 2150; x_wconf 87' lang='lat' dir='ltr'>Coriolano,</span> <span class='ocrx_word' id='word_1_125' title='bbox 465 2070 569 2138; x_wconf 88' lang='lat' dir='ltr'>matris</span> <span class='ocrx_word' id='word_1_126' title='bbox 584 2080 613 2138; x_wconf 90' lang='lat' dir='ltr'>et</span> <span class='ocrx_word' id='word_1_127' title='bbox 623 2071 760 2157; x_wconf 80' lang='lat' dir='ltr'>conjugis</span> <span class='ocrx_word' id='word_1_128' title='bbox 773 2072 911 2157; x_wconf 87' lang='lat' dir='ltr'>precibus</span> <span class='ocrx_word' id='word_1_129' title='bbox 920 2072 1009 2138; x_wconf 87' lang='lat' dir='ltr'>victo.</span> <span class='ocrx_word' id='word_1_130' title='bbox 1028 2069 1192 2157; x_wconf 84' lang='lat' dir='ltr'>Subjiciam</span> <span class='ocrx_word' id='word_1_131' title='bbox 1201 2079 1304 2136; x_wconf 77' lang='lat' dir='ltr'>umen</span> 
     </span>
     <span class='ocr_line' id='line_1_17' title="bbox 227 2178 1306 2265; baseline 0.002 -21"><span class='ocrx_word' id='word_1_132' title='bbox 227 2178 367 2265; x_wconf 70' lang='lat' dir='ltr'>aliquida</span> <span class='ocrx_word' id='word_1_133' title='bbox 393 2183 527 2247; x_wconf 87' lang='lat' dir='ltr'>Matrona</span> <span class='ocrx_word' id='word_1_134' title='bbox 553 2181 687 2246; x_wconf 87' lang='lat' dir='ltr'>Romana</span> <span class='ocrx_word' id='word_1_135' title='bbox 710 2190 754 2246; x_wconf 90' lang='lat' dir='ltr'>est</span> <span class='ocrx_word' id='word_1_136' title='bbox 778 2181 962 2259; x_wconf 88' lang='lat' dir='ltr'>Alcumena,</span> <span class='ocrx_word' id='word_1_137' title='bbox 989 2188 1019 2244; x_wconf 86' lang='lat' dir='ltr'>at</span> <span class='ocrx_word' id='word_1_138' title='bbox 1050 2201 1113 2246; x_wconf 91' lang='lat' dir='ltr'>non</span> <span class='ocrx_word' id='word_1_139' title='bbox 1139 2199 1174 2246; x_wconf 87' lang='lat' dir='ltr'>ea</span> <span class='ocrx_word' id='word_1_140' title='bbox 1196 2179 1306 2246; x_wconf 86' lang='lat' dir='ltr'>rustica</span> 
     </span>
     <span class='ocr_line' id='line_1_18' title="bbox 226 2281 1307 2375; baseline -0.001 -19"><span class='ocrx_word' id='word_1_141' title='bbox 226 2308 293 2373; x_wconf 79' lang='lat' dir='ltr'>quae</span> <span class='ocrx_word' id='word_1_142' title='bbox 304 2288 452 2374; x_wconf 88' lang='lat' dir='ltr'>plebeiam</span> <span class='ocrx_word' id='word_1_143' title='bbox 463 2287 667 2356; x_wconf 87' lang='lat' dir='ltr'>conditionem</span> <span class='ocrx_word' id='word_1_144' title='bbox 681 2289 763 2354; x_wconf 89' lang='lat' dir='ltr'>colit.</span> <span class='ocrx_word' id='word_1_145' title='bbox 775 2281 777 2285; x_wconf 70' lang='grc'><strong>’</strong></span> <span class='ocrx_word' id='word_1_146' title='bbox 787 2293 921 2356; x_wconf 86' lang='lat' dir='ltr'>Romana</span> <span class='ocrx_word' id='word_1_147' title='bbox 945 2289 1037 2354; x_wconf 81' lang='lat' dir='ltr'>virtus</span> <span class='ocrx_word' id='word_1_148' title='bbox 1056 2288 1214 2355; x_wconf 87' lang='lat' dir='ltr'>dulcedine</span> <span class='ocrx_word' id='word_1_149' title='bbox 1231 2307 1307 2375; x_wconf 88' lang='lat' dir='ltr'>qua-</span> 
     </span>
     <span class='ocr_line' id='line_1_19' title="bbox 227 2397 1307 2485; baseline 0.002 -23"><span class='ocrx_word' id='word_1_150' title='bbox 227 2397 296 2462; x_wconf 90' lang='lat' dir='ltr'>dam</span> <span class='ocrx_word' id='word_1_151' title='bbox 319 2405 596 2484; x_wconf 62' lang='lat' dir='ltr'>temperatumque</span> <span class='ocrx_word' id='word_1_152' title='bbox 616 2398 681 2485; x_wconf 86' lang='lat' dir='ltr'>jam</span> <span class='ocrx_word' id='word_1_153' title='bbox 703 2397 882 2464; x_wconf 85' lang='lat' dir='ltr'>excultiores</span> <span class='ocrx_word' id='word_1_154' title='bbox 905 2417 1005 2463; x_wconf 90' lang='lat' dir='ltr'>mores</span> <span class='ocrx_word' id='word_1_155' title='bbox 1028 2397 1152 2463; x_wconf 88' lang='lat' dir='ltr'>redolet.</span> <span class='ocrx_word' id='word_1_156' title='bbox 1179 2398 1221 2463; x_wconf 89' lang='lat' dir='ltr'>Ea</span> <span class='ocrx_word' id='word_1_157' title='bbox 1241 2410 1307 2464; x_wconf 83' lang='lat' dir='ltr'>ma-</span> 
     </span>
     <span class='ocr_line' id='line_1_20' title="bbox 226 2507 1308 2595; baseline 0.004 -24"><span class='ocrx_word' id='word_1_158' title='bbox 226 2515 370 2573; x_wconf 86' lang='lat' dir='ltr'>trona·esl</span> <span class='ocrx_word' id='word_1_159' title='bbox 389 2507 564 2587; x_wconf 80' lang='lat' dir='ltr'>Alcumena,</span> <span class='ocrx_word' id='word_1_160' title='bbox 580 2525 670 2593; x_wconf 88' lang='lat' dir='ltr'>quam</span> <span class='ocrx_word' id='word_1_161' title='bbox 690 2507 823 2574; x_wconf 88' lang='lat' dir='ltr'>liberalis</span> <span class='ocrx_word' id='word_1_162' title='bbox 837 2516 867 2574; x_wconf 89' lang='lat' dir='ltr'>et</span> <span class='ocrx_word' id='word_1_163' title='bbox 881 2508 1004 2594; x_wconf 81' lang='lat' dir='ltr'>elegans</span> <span class='ocrx_word' id='word_1_164' title='bbox 1017 2507 1187 2595; x_wconf 89' lang='lat' dir='ltr'>disciplina,</span> <span class='ocrx_word' id='word_1_165' title='bbox 1202 2507 1308 2575; x_wconf 79' lang='lat' dir='ltr'>forsan</span> 
     </span>
     <span class='ocr_line' id='line_1_21' title="bbox 228 2603 1309 2709; baseline 0.004 -30"><span class='ocrx_word' id='word_1_166' title='bbox 228 2636 244 2679; x_wconf 90' lang='lat' dir='ltr'>e</span> <span class='ocrx_word' id='word_1_167' title='bbox 259 2614 374 2683; x_wconf 80' lang='lat' dir='ltr'>Graecia</span> <span class='ocrx_word' id='word_1_168' title='bbox 389 2617 531 2709; x_wconf 82' lang='lat' dir='ltr'>expetita,</span> <span class='ocrx_word' id='word_1_169' title='bbox 547 2616 701 2702; x_wconf 80' lang='lat' dir='ltr'>expolivit.</span> <span class='ocrx_word' id='word_1_170' title='bbox 721 2616 804 2683; x_wconf 92' lang='lat' dir='ltr'>Nihil</span> <span class='ocrx_word' id='word_1_171' title='bbox 819 2618 864 2683; x_wconf 90' lang='lat' dir='ltr'>illi</span> <span class='ocrx_word' id='word_1_172' title='bbox 876 2603 987 2683; x_wconf 85' lang='lat' dir='ltr'>excidit</span> <span class='ocrx_word' id='word_1_173' title='bbox 1001 2618 1188 2685; x_wconf 88' lang='lat' dir='ltr'>indecorum.</span> <span class='ocrx_word' id='word_1_174' title='bbox 1203 2620 1309 2705; x_wconf 80' lang='lat' dir='ltr'>lmago</span> 
     </span>
     <span class='ocr_line' id='line_1_22' title="bbox 227 2723 1308 2811; baseline 0.006 -24"><span class='ocrx_word' id='word_1_175' title='bbox 227 2732 273 2788; x_wconf 83' lang='lat' dir='ltr'>est</span> <span class='ocrx_word' id='word_1_176' title='bbox 285 2723 366 2790; x_wconf 89' lang='lat' dir='ltr'>illius</span> <span class='ocrx_word' id='word_1_177' title='bbox 377 2724 533 2805; x_wconf 84' lang='lat' dir='ltr'>Corneliae,</span> <span class='ocrx_word' id='word_1_178' title='bbox 550 2734 580 2790; x_wconf 89' lang='lat' dir='ltr'>at</span> <span class='ocrx_word' id='word_1_179' title='bbox 590 2726 697 2791; x_wconf 89' lang='lat' dir='ltr'>melior</span> <span class='ocrx_word' id='word_1_180' title='bbox 712 2735 742 2791; x_wconf 89' lang='lat' dir='ltr'>et</span> <span class='ocrx_word' id='word_1_181' title='bbox 756 2726 854 2811; x_wconf 86' lang='lat' dir='ltr'>magis</span> <span class='ocrx_word' id='word_1_182' title='bbox 868 2726 1085 2793; x_wconf 85' lang='lat' dir='ltr'>ad&#39;humanam</span> <span class='ocrx_word' id='word_1_183' title='bbox 1099 2727 1308 2794; x_wconf 88' lang='lat' dir='ltr'>necessitatem</span> 
     </span>
     <span class='ocr_line' id='line_1_23' title="bbox 227 2831 1305 2925; baseline 0.009 -29"><span class='ocrx_word' id='word_1_184' title='bbox 227 2831 459 2912; x_wconf 87' lang='lat' dir='ltr'>accommodata,</span> <span class='ocrx_word' id='word_1_185' title='bbox 475 2853 529 2918; x_wconf 90' lang='lat' dir='ltr'>pro</span> <span class='ocrx_word' id='word_1_186' title='bbox 543 2852 601 2918; x_wconf 91' lang='lat' dir='ltr'>qua</span> <span class='ocrx_word' id='word_1_187' title='bbox 618 2833 695 2899; x_wconf 89' lang='lat' dir='ltr'>mori</span> <span class='ocrx_word' id='word_1_188' title='bbox 712 2834 803 2899; x_wconf 87' lang='lat' dir='ltr'>voluit</span> <span class='ocrx_word' id='word_1_189' title='bbox 819 2833 884 2899; x_wconf 88' lang='lat' dir='ltr'>Tib.</span> <span class='ocrx_word' id='word_1_190' title='bbox 905 2833 1305 2925; x_wconf 76' lang='lat' dir='ltr'>Sempronius-Gracchus⁴;</span> 
     </span>
     <span class='ocr_line' id='line_1_24' title="bbox 228 2938 1311 3029; baseline 0.003 -23"><span class='ocrx_word' id='word_1_191' title='bbox 228 2949 259 3006; x_wconf 91' lang='lat' dir='ltr'>et</span> <span class='ocrx_word' id='word_1_192' title='bbox 268 2938 368 3008; x_wconf 89' lang='lat' dir='ltr'>nescio</span> <span class='ocrx_word' id='word_1_193' title='bbox 380 2962 434 3020; x_wconf 87' lang='lat' dir='ltr'>an,</span> <span class='ocrx_word' id='word_1_194' title='bbox 449 2962 543 3028; x_wconf 93' lang='lat' dir='ltr'>quum</span> <span class='ocrx_word' id='word_1_195' title='bbox 558 2942 662 3009; x_wconf 83' lang='lat' dir='ltr'>Cicero</span> <span class='ocrx_word' id='word_1_196' title='bbox 676 2940 806 3029; x_wconf 75' lang='lat' dir='ltr'>fingeret</span> <span class='ocrx_word' id='word_1_197' title='bbox 820 2941 978 3021; x_wconf 86' lang='lat' dir='ltr'>Crassum,</span> <span class='ocrx_word' id='word_1_198' title='bbox 993 2940 1118 3007; x_wconf 80' lang='lat' dir='ltr'>Laelium</span> <span class='ocrx_word' id='word_1_199' title='bbox 1137 2950 1311 3029; x_wconf 84' lang='lat' dir='ltr'>ceterasque</span> 
     </span>
     <span class='ocr_line' id='line_1_25' title="bbox 228 3048 1308 3130; baseline 0.001 -16"><span class='ocrx_word' id='word_1_200' title='bbox 228 3048 354 3115; x_wconf 84' lang='lat' dir='ltr'>laminas</span> <span class='ocrx_word' id='word_1_201' title='bbox 373 3050 489 3116; x_wconf 92' lang='lat' dir='ltr'>nobiles</span> <span class='ocrx_word' id='word_1_202' title='bbox 512 3050 695 3128; x_wconf 88' lang='lat' dir='ltr'>audientem,</span> <span class='ocrx_word' id='word_1_203' title='bbox 712 3050 852 3117; x_wconf 88' lang='lat' dir='ltr'>arbitrari</span> <span class='ocrx_word' id='word_1_204' title='bbox 876 3070 909 3115; x_wconf 88' lang='lat' dir='ltr'>se</span> <span class='ocrx_word' id='word_1_205' title='bbox 932 3052 1072 3125; x_wconf 83' lang='lat' dir='ltr'>Plautum</span> <span class='ocrx_word' id='word_1_206' title='bbox 1084 3050 1188 3117; x_wconf 88' lang='lat' dir='ltr'>audire</span> <span class='ocrx_word' id='word_1_207' title='bbox 1203 3052 1228 3130; x_wconf 67' lang='grc' dir='ltr'>Ι,</span> <span class='ocrx_word' id='word_1_208' title='bbox 1245 3071 1308 3127; x_wconf 92' lang='lat' dir='ltr'>non</span> 
     </span>
     <span class='ocr_line' id='line_1_26' title="bbox 229 3158 1310 3251; baseline 0.002 -28"><span class='ocrx_word' id='word_1_209' title='bbox 229 3158 319 3223; x_wconf 89' lang='lat' dir='ltr'>modo</span> <span class='ocrx_word' id='word_1_210' title='bbox 342 3159 489 3251; x_wconf 89' lang='lat' dir='ltr'>sermonis</span> <span class='ocrx_word' id='word_1_211' title='bbox 504 3158 676 3245; x_wconf 89' lang='lat' dir='ltr'>puritatem,</span> <span class='ocrx_word' id='word_1_212' title='bbox 694 3158 731 3225; x_wconf 92' lang='lat' dir='ltr'>de</span> <span class='ocrx_word' id='word_1_213' title='bbox 756 3178 815 3244; x_wconf 89' lang='lat' dir='ltr'>qua</span> <span class='ocrx_word' id='word_1_214' title='bbox 830 3158 962 3238; x_wconf 89' lang='lat' dir='ltr'>disserit,</span> <span class='ocrx_word' id='word_1_215' title='bbox 978 3159 1029 3224; x_wconf 92' lang='lat' dir='ltr'>sed</span> <span class='ocrx_word' id='word_1_216' title='bbox 1048 3169 1078 3225; x_wconf 90' lang='lat' dir='ltr'>et</span> <span class='ocrx_word' id='word_1_217' title='bbox 1092 3160 1310 3233; x_wconf 86' lang='lat' dir='ltr'>sententiarum</span> 
     </span>
     <span class='ocr_line' id='line_1_27' title="bbox 230 3265 997 3352; baseline 0.003 -21"><span class='ocrx_word' id='word_1_218' title='bbox 230 3265 407 3351; x_wconf 84' lang='lat' dir='ltr'>gravitatem</span> <span class='ocrx_word' id='word_1_219' title='bbox 422 3275 452 3332; x_wconf 89' lang='lat' dir='ltr'>et</span> <span class='ocrx_word' id='word_1_220' title='bbox 465 3266 672 3352; x_wconf 84' lang='lat' dir='ltr'>integritatem</span> <span class='ocrx_word' id='word_1_221' title='bbox 687 3266 825 3334; x_wconf 88' lang='lat' dir='ltr'>babuerit</span> <span class='ocrx_word' id='word_1_222' title='bbox 838 3266 871 3331; x_wconf 92' lang='lat' dir='ltr'>in</span> <span class='ocrx_word' id='word_1_223' title='bbox 885 3266 997 3333; x_wconf 85' lang='lat' dir='ltr'>animo.</span> 
     </span>
    </p>

    <p class='ocr_par' dir='ltr' id='par_1_5' title="bbox 162 3375 1312 3572">
     <span class='ocr_line' id='line_1_28' title="bbox 274 3375 1309 3465; baseline 0.005 -24"><span class='ocrx_word' id='word_1_224' title='bbox 274 3375 314 3441; x_wconf 87' lang='lat' dir='ltr'>At</span> <span class='ocrx_word' id='word_1_225' title='bbox 326 3396 396 3444; x_wconf 90' lang='lat' dir='ltr'>cum</span> <span class='ocrx_word' id='word_1_226' title='bbox 410 3376 598 3443; x_wconf 87' lang='lat' dir='ltr'>humanitate</span> <span class='ocrx_word' id='word_1_227' title='bbox 610 3377 721 3443; x_wconf 86' lang='lat' dir='ltr'>venite</span> <span class='ocrx_word' id='word_1_228' title='bbox 733 3376 849 3443; x_wconf 84' lang='lat' dir='ltr'>Graeoia</span> <span class='ocrx_word' id='word_1_229' title='bbox 863 3396 982 3462; x_wconf 91' lang='lat' dir='ltr'>quoque</span> <span class='ocrx_word' id='word_1_230' title='bbox 996 3379 1165 3463; x_wconf 86' lang='lat' dir='ltr'>corruptela</span> <span class='ocrx_word' id='word_1_231' title='bbox 1175 3379 1200 3460; x_wconf 80' lang='lat'>⁶,</span> <span class='ocrx_word' id='word_1_232' title='bbox 1217 3398 1309 3465; x_wconf 91' lang='lat' dir='ltr'>quam</span> 
     </span>
     <span class='ocr_line' id='line_1_29' title="bbox 162 3485 1312 3572; baseline 0.008 -27"><span class='ocrx_word' id='word_1_233' title='bbox 162 3542 165 3545; x_wconf 87' lang='grc'><em>,</em></span> <span class='ocrx_word' id='word_1_234' title='bbox 231 3485 373 3551; x_wconf 88' lang='lat' dir='ltr'>Romanis</span> <span class='ocrx_word' id='word_1_235' title='bbox 388 3486 476 3551; x_wconf 89' lang='lat' dir='ltr'>insita</span> <span class='ocrx_word' id='word_1_236' title='bbox 491 3486 600 3553; x_wconf 84' lang='lat' dir='ltr'>ferocia</span> <span class='ocrx_word' id='word_1_237' title='bbox 623 3486 716 3552; x_wconf 88' lang='lat' dir='ltr'>etiam</span> <span class='ocrx_word' id='word_1_238' title='bbox 734 3486 765 3552; x_wconf 94' lang='lat' dir='ltr'>in</span> <span class='ocrx_word' id='word_1_239' title='bbox 785 3486 871 3572; x_wconf 85' lang='lat' dir='ltr'>pejus</span> <span class='ocrx_word' id='word_1_240' title='bbox 892 3486 991 3551; x_wconf 89' lang='lat' dir='ltr'>vertit.</span> <span class='ocrx_word' id='word_1_241' title='bbox 1017 3486 1218 3561; x_wconf 72' lang='lat' dir='ltr'>Astatissimae</span> <span class='ocrx_word' id='word_1_242' title='bbox 1240 3498 1312 3554; x_wconf 87' lang='lat' dir='ltr'>sunt</span> 
     </span>
    </p>
   </div>
   <div class='ocr_carea' id='block_1_5' title="bbox 229 3600 1310 3693">
    <p class='ocr_par' dir='ltr' id='par_1_6' title="bbox 229 3600 1310 3693">
     <span class='ocr_line' id='line_1_30' title="bbox 229 3600 1310 3693; baseline 0.006 -29"><span class='ocrx_word' id='word_1_243' title='bbox 229 3602 380 3685; x_wconf 85' lang='lat' dir='ltr'>pleraeque</span> <span class='ocrx_word' id='word_1_244' title='bbox 400 3600 572 3667; x_wconf 85' lang='lat' dir='ltr'>meretrices</span> <span class='ocrx_word' id='word_1_245' title='bbox 586 3610 616 3668; x_wconf 88' lang='lat' dir='ltr'>et</span> <span class='ocrx_word' id='word_1_246' title='bbox 628 3602 759 3668; x_wconf 83' lang='lat' dir='ltr'>maxime</span> <span class='ocrx_word' id='word_1_247' title='bbox 773 3621 931 3693; x_wconf 70' lang='lat' dir='ltr'>perversas.</span> <span class='ocrx_word' id='word_1_248' title='bbox 957 3605 1033 3668; x_wconf 88' lang='lat' dir='ltr'>Fere</span> <span class='ocrx_word' id='word_1_249' title='bbox 1049 3622 1155 3670; x_wconf 89' lang='lat' dir='ltr'>omnes</span> <span class='ocrx_word' id='word_1_250' title='bbox 1167 3604 1310 3689; x_wconf 76' lang='lat' dir='ltr'>pravissi-</span> 
     </span>
    </p>
   </div>
   <div class='ocr_carea' id='block_1_6' title="bbox 202 3842 1314 4463">
    <p class='ocr_par' dir='ltr' id='par_1_7' title="bbox 230 3842 1309 3987">
     <span class='ocr_line' id='line_1_31' title="bbox 230 3842 1309 3908; baseline 0.003 -17"><span class='ocrx_word' id='word_1_251' title='bbox 230 3856 287 3905; x_wconf 77' lang='lat' dir='ltr'>orqa</span> <span class='ocrx_word' id='word_1_252' title='bbox 297 3842 416 3893; x_wconf 88' lang='lat' dir='ltr'>Haliscam</span> <span class='ocrx_word' id='word_1_253' title='bbox 426 3842 512 3893; x_wconf 86' lang='lat' dir='ltr'>babeat</span> <span class='ocrx_word' id='word_1_254' title='bbox 521 3844 691 3902; x_wconf 85' lang='lat' dir='ltr'>Phanostrata,</span> <span class='ocrx_word' id='word_1_255' title='bbox 701 3856 824 3907; x_wconf 88' lang='lat' dir='ltr'>quamque</span> <span class='ocrx_word' id='word_1_256' title='bbox 837 3843 928 3897; x_wconf 86' lang='lat' dir='ltr'>similes</span> <span class='ocrx_word' id='word_1_257' title='bbox 940 3845 988 3893; x_wconf 87' lang='lat' dir='ltr'>sint</span> <span class='ocrx_word' id='word_1_258' title='bbox 1002 3845 1033 3895; x_wconf 88' lang='lat' dir='ltr'>iis</span> <span class='ocrx_word' id='word_1_259' title='bbox 1043 3844 1191 3908; x_wconf 84' lang='lat' dir='ltr'>quibuscum</span> <span class='ocrx_word' id='word_1_260' title='bbox 1202 3842 1309 3907; x_wconf 84' lang='lat' dir='ltr'>Sulpicia</span> 
     </span>
     <span class='ocr_line' id='line_1_32' title="bbox 231 3922 731 3987; baseline -0.004 -16"><span class='ocrx_word' id='word_1_261' title='bbox 231 3922 352 3986; x_wconf 85' lang='lat' dir='ltr'>Hispalam</span> <span class='ocrx_word' id='word_1_262' title='bbox 363 3924 464 3987; x_wconf 77' lang='lat' dir='ltr'>excipit3</span> <span class='ocrx_word' id='word_1_263' title='bbox 476 3924 504 3971; x_wconf 86' lang='lat' dir='ltr'>T.</span> <span class='ocrx_word' id='word_1_264' title='bbox 521 3924 549 3971; x_wconf 88' lang='lat' dir='ltr'>L.</span> <span class='ocrx_word' id='word_1_265' title='bbox 560 3922 678 3982; x_wconf 83' lang='lat' dir='ltr'>XXXIX,</span> <span class='ocrx_word' id='word_1_266' title='bbox 693 3925 731 3971; x_wconf 76' lang='lat' dir='ltr'>la.</span> 
     </span>
    </p>

    <p class='ocr_par' dir='ltr' id='par_1_8' title="bbox 231 4000 1314 4221">
     <span class='ocr_line' id='line_1_33' title="bbox 264 4000 1311 4062; baseline 0.003 -10"><span class='ocrx_word' id='word_1_267' title='bbox 264 4005 273 4039; x_wconf 88' lang='lat'>¹</span> <span class='ocrx_word' id='word_1_268' title='bbox 291 4000 346 4052; x_wconf 89' lang='lat' dir='ltr'>Val.</span> <span class='ocrx_word' id='word_1_269' title='bbox 359 4002 422 4051; x_wconf 86' lang='lat' dir='ltr'>Max.</span> <span class='ocrx_word' id='word_1_270' title='bbox 436 4002 482 4062; x_wconf 89' lang='lat' dir='ltr'>vl,</span> <span class='ocrx_word' id='word_1_271' title='bbox 493 4005 522 4062; x_wconf 82' lang='grc'>7,</span> <span class='ocrx_word' id='word_1_272' title='bbox 535 4006 557 4051; x_wconf 90' lang='lat' dir='ltr'>l.</span> <span class='ocrx_word' id='word_1_273' title='bbox 569 4002 623 4039; x_wconf 74' lang='lat'>-2</span> <span class='ocrx_word' id='word_1_274' title='bbox 635 4000 672 4049; x_wconf 81' lang='lat' dir='ltr'>m.</span> <span class='ocrx_word' id='word_1_275' title='bbox 684 4000 768 4051; x_wconf 85' lang='lat' dir='ltr'>Horat.</span> <span class='ocrx_word' id='word_1_276' title='bbox 784 4000 829 4051; x_wconf 88' lang='lat' dir='ltr'>Od.</span> <span class='ocrx_word' id='word_1_277' title='bbox 840 4001 888 4062; x_wconf 89' lang='lat'>111,</span> <span class='ocrx_word' id='word_1_278' title='bbox 900 4006 929 4061; x_wconf 83' lang='lat' dir='ltr'>d,</span> <span class='ocrx_word' id='word_1_279' title='bbox 940 4006 985 4061; x_wconf 82' lang='lat' dir='ltr'>to,</span> <span class='ocrx_word' id='word_1_280' title='bbox 1000 4017 1091 4053; x_wconf 83' lang='lat' dir='ltr'>severae</span> <span class='ocrx_word' id='word_1_281' title='bbox 1101 4004 1187 4053; x_wconf 84' lang='lat' dir='ltr'>matris</span> <span class='ocrx_word' id='word_1_282' title='bbox 1201 4003 1232 4052; x_wconf 89' lang='lat' dir='ltr'>ad</span> <span class='ocrx_word' id='word_1_283' title='bbox 1245 4005 1311 4055; x_wconf 91' lang='lat' dir='ltr'>arbi·</span> 
     </span>
     <span class='ocr_line' id='line_1_34' title="bbox 231 4076 1314 4151; baseline 0.006 -23"><span class='ocrx_word' id='word_1_284' title='bbox 231 4080 306 4129; x_wconf 88' lang='lat' dir='ltr'>trium</span> <span class='ocrx_word' id='word_1_285' title='bbox 318 4087 364 4129; x_wconf 88' lang='lat' dir='ltr'>etc.</span> <span class='ocrx_word' id='word_1_286' title='bbox 379 4108 410 4116; x_wconf 93' lang='lat'><em>-</em></span> <span class='ocrx_word' id='word_1_287' title='bbox 425 4076 502 4132; x_wconf 78' lang='lat' dir='ltr'>³Val.</span> <span class='ocrx_word' id='word_1_288' title='bbox 517 4082 579 4131; x_wconf 87' lang='lat' dir='ltr'>Max.</span> <span class='ocrx_word' id='word_1_289' title='bbox 597 4078 629 4141; x_wconf 81' lang='lat' dir='ltr'>V,</span> <span class='ocrx_word' id='word_1_290' title='bbox 639 4085 669 4141; x_wconf 67' lang='grc' dir='ltr'>Ξ,</span> <span class='ocrx_word' id='word_1_291' title='bbox 685 4084 708 4130; x_wconf 90' lang='grc'>1.</span> <span class='ocrx_word' id='word_1_292' title='bbox 722 4081 777 4120; x_wconf 70' lang='lat'>-4</span> <span class='ocrx_word' id='word_1_293' title='bbox 794 4082 843 4132; x_wconf 88' lang='lat' dir='ltr'>Cic.</span> <span class='ocrx_word' id='word_1_294' title='bbox 854 4082 888 4133; x_wconf 85' lang='lat' dir='ltr'>De</span> <span class='ocrx_word' id='word_1_295' title='bbox 902 4082 988 4133; x_wconf 81' lang='lat' dir='ltr'>Dicin.</span> <span class='ocrx_word' id='word_1_296' title='bbox 1003 4085 1029 4151; x_wconf 80' lang='lat'>1,</span> <span class='ocrx_word' id='word_1_297' title='bbox 1043 4086 1087 4143; x_wconf 78' lang='lat'>303</span> <span class='ocrx_word' id='word_1_298' title='bbox 1102 4082 1166 4131; x_wconf 89' lang='lat' dir='ltr'>Plin.</span> <span class='ocrx_word' id='word_1_299' title='bbox 1180 4083 1238 4145; x_wconf 89' lang='lat' dir='ltr'>Vll;</span> <span class='ocrx_word' id='word_1_300' title='bbox 1256 4085 1314 4140; x_wconf 76' lang='lat' dir='ltr'>Val.</span> 
     </span>
     <span class='ocr_line' id='line_1_35' title="bbox 232 4160 770 4221; baseline 0.004 -11"><span class='ocrx_word' id='word_1_301' title='bbox 232 4160 295 4210; x_wconf 82' lang='lat' dir='ltr'>ldax.</span> <span class='ocrx_word' id='word_1_302' title='bbox 306 4161 350 4221; x_wconf 86' lang='lat' dir='ltr'>IV,</span> <span class='ocrx_word' id='word_1_303' title='bbox 363 4164 388 4210; x_wconf 82' lang='lat' dir='ltr'>d.</span> <span class='ocrx_word' id='word_1_304' title='bbox 403 4186 434 4199; x_wconf 89' lang='lat'><em>-</em></span> <span class='ocrx_word' id='word_1_305' title='bbox 449 4162 521 4212; x_wconf 81' lang='lat' dir='ltr'>⁵Cic.</span> <span class='ocrx_word' id='word_1_306' title='bbox 535 4163 570 4213; x_wconf 82' lang='lat' dir='ltr'>De</span> <span class='ocrx_word' id='word_1_307' title='bbox 584 4162 654 4213; x_wconf 82' lang='lat' dir='ltr'>Orat.</span> <span class='ocrx_word' id='word_1_308' title='bbox 667 4161 714 4221; x_wconf 86' lang='grc' dir='ltr'><strong>ΙΙΙ,</strong></span> <span class='ocrx_word' id='word_1_309' title='bbox 731 4166 770 4212; x_wconf 76' lang='lat' dir='ltr'>la.</span> 
     </span>
    </p>

    <p class='ocr_par' dir='ltr' id='par_1_9' title="bbox 202 4236 1312 4463">
     <span class='ocr_line' id='line_1_36' title="bbox 263 4236 1312 4307; baseline 0.006 -20"><span class='ocrx_word' id='word_1_310' title='bbox 263 4236 275 4277; x_wconf 71' lang='grc' dir='ltr'>θ</span> <span class='ocrx_word' id='word_1_311' title='bbox 289 4237 318 4288; x_wconf 86' lang='grc' dir='ltr'>Τ.</span> <span class='ocrx_word' id='word_1_312' title='bbox 331 4238 359 4288; x_wconf 86' lang='lat' dir='ltr'>L.</span> <span class='ocrx_word' id='word_1_313' title='bbox 371 4236 487 4300; x_wconf 89' lang='lat' dir='ltr'>XXXlX,</span> <span class='ocrx_word' id='word_1_314' title='bbox 498 4244 522 4289; x_wconf 81' lang='lat'>8.</span> <span class='ocrx_word' id='word_1_315' title='bbox 533 4238 569 4290; x_wconf 81' lang='lat' dir='ltr'>Ex</span> <span class='ocrx_word' id='word_1_316' title='bbox 583 4240 687 4291; x_wconf 88' lang='lat' dir='ltr'>urbibus</span> <span class='ocrx_word' id='word_1_317' title='bbox 701 4241 794 4305; x_wconf 77' lang='lat' dir='ltr'>Magnas</span> <span class='ocrx_word' id='word_1_318' title='bbox 808 4240 908 4291; x_wconf 84' lang='lat' dir='ltr'>Graeciae</span> <span class='ocrx_word' id='word_1_319' title='bbox 925 4240 1011 4290; x_wconf 88' lang='lat' dir='ltr'>saltem</span> <span class='ocrx_word' id='word_1_320' title='bbox 1025 4239 1174 4291; x_wconf 85' lang='lat' dir='ltr'>advenerant</span> <span class='ocrx_word' id='word_1_321' title='bbox 1187 4242 1312 4307; x_wconf 69' lang='lat' dir='ltr'>plerasque</span> 
     </span>
     <span class='ocr_line' id='line_1_37' title="bbox 202 4316 1310 4384; baseline 0.007 -19"><span class='ocrx_word' id='word_1_322' title='bbox 202 4365 206 4373; x_wconf 83' lang='grc'><strong>,</strong></span> <span class='ocrx_word' id='word_1_323' title='bbox 233 4318 379 4368; x_wconf 86' lang='lat' dir='ltr'>meretrices.</span> <span class='ocrx_word' id='word_1_324' title='bbox 398 4316 470 4382; x_wconf 77' lang='lat' dir='ltr'>Apud</span> <span class='ocrx_word' id='word_1_325' title='bbox 487 4318 582 4369; x_wconf 90' lang='lat' dir='ltr'>Livium</span> <span class='ocrx_word' id='word_1_326' title='bbox 603 4318 677 4369; x_wconf 89' lang='lat' dir='ltr'>Minia</span> <span class='ocrx_word' id='word_1_327' title='bbox 696 4319 819 4384; x_wconf 84' lang='lat' dir='ltr'>Campana</span> <span class='ocrx_word' id='word_1_328' title='bbox 842 4327 886 4369; x_wconf 89' lang='lat' dir='ltr'>est.</span> <span class='ocrx_word' id='word_1_329' title='bbox 906 4318 943 4369; x_wconf 82' lang='lat' dir='ltr'>ot.</span> <span class='ocrx_word' id='word_1_330' title='bbox 964 4334 1062 4369; x_wconf 86' lang='lat' dir='ltr'>versum</span> <span class='ocrx_word' id='word_1_331' title='bbox 1076 4318 1190 4371; x_wconf 72' lang='lat' dir='ltr'>Afranii:</span> <span class='ocrx_word' id='word_1_332' title='bbox 1206 4322 1252 4373; x_wconf 90' lang='lat' dir='ltr'>Ubi</span> <span class='ocrx_word' id='word_1_333' title='bbox 1269 4324 1310 4373; x_wconf 90' lang='lat' dir='ltr'>bio</span> 
     </span>
     <span class='ocr_line' id='line_1_38' title="bbox 233 4396 829 4463; baseline 0.003 -18"><span class='ocrx_word' id='word_1_334' title='bbox 233 4396 353 4457; x_wconf 85' lang='lat' dir='ltr'>bloschls,</span> <span class='ocrx_word' id='word_1_335' title='bbox 366 4412 465 4462; x_wconf 75' lang='lat' dir='ltr'>queso,</span> <span class='ocrx_word' id='word_1_336' title='bbox 476 4400 548 4451; x_wconf 87' lang='lat' dir='ltr'>habet</span> <span class='ocrx_word' id='word_1_337' title='bbox 562 4400 675 4451; x_wconf 88' lang='lat' dir='ltr'>meretrix</span> <span class='ocrx_word' id='word_1_338' title='bbox 689 4400 829 4463; x_wconf 86' lang='lat' dir='ltr'>Neapolltis.</span> 
     </span>
    </p>
   </div>
   <div class='ocr_carea' id='block_1_7' title="bbox 0 0 1645 5050">
    <p class='ocr_par' dir='ltr' id='par_1_10' title="bbox 0 0 1645 5050">
     <span class='ocr_line' id='line_1_39' title="bbox 0 0 1645 5050; baseline 0 0"><span class='ocrx_word' id='word_1_339' title='bbox 0 0 1645 5050; x_wconf 95' lang='lat' dir='ltr'> </span> 
     </span>
    </p>
   </div>
  </div>
 </body>
</html>
