3250 5050
753 378 932 441 „42-

300 514 490 600 fruebantur3
507 514 667 598 prodibant
685 513 715 578 in
738 517 909 598 publicum;
935 518 1034 581 locum
1054 519 1145 582 etiam
1170 519 1320 599 habebant
1342 519 1375 585 in

299 622 405 701 Ludis,
421 632 451 688 et
470 622 532 687 lere
553 624 714 688 utebantur
736 625 870 689 virorum
887 626 957 712 jure
972 627 995 688 ¹.
1021 628 1225 705 Quamobrem
1249 649 1376 713 persona

297 729 349 794 illa
374 729 574 816 misericordis
596 731 746 809 mulieris,
770 732 912 816 fugitivas
933 733 1119 817 excipientis,
1144 735 1289 800 sacerdoti
1309 745 1379 800 tan-

299 846 365 924 tum
388 837 511 903 attribui
531 838 647 923 potuit,
672 859 710 904 ne
730 860 778 905 res
793 839 884 905 fidem
909 841 1076 908 excederet.

346 945 429 1012 Licet
448 946 545 1011 viduis
566 968 627 1011 non
646 948 671 1012 is
689 957 767 1012 esset
787 950 870 1013 locus
894 950 926 1014 in
947 949 1070 1035 antiquo
1094 952 1251 1034 proscenio
1265 1005 1272 1031 ,
1286 970 1379 1037 quem

301 1053 457 1120 innostro
489 1054 641 1136 habuere,
667 1077 759 1122 unam
783 1057 881 1123 viduae
904 1077 1063 1142 personam
1088 1059 1228 1143 proponit
1252 1060 1378 1124 Plautus

301 1159 331 1224 in
346 1162 511 1242 Aulularia,
530 1164 709 1229 Eunomiam
722 1165 835 1231 scilicet
847 1167 871 1228 ².

348 1273 445 1336 Proba
478 1271 585 1337 mulier
616 1283 680 1349 est,
702 1255 833 1358 benigna
856 1273 888 1338 in
910 1273 1056 1350 tratrem,
1089 1272 1142 1338 filii
1173 1275 1379 1339 amantissima

303 1397 391 1444 sexus
416 1379 462 1443 sui
482 1379 623 1445 vitiorum
650 1381 730 1446 haud
754 1381 869 1466 ignara.
897 1381 1033 1446 Profecto
1059 1382 1147 1446 velim
1178 1401 1246 1446 eam
1279 1381 1381 1446 minus

304 1496 404 1571 aperte
433 1508 465 1553 se
499 1498 670 1575 ceterasque
698 1480 1012 1580 mulieresincnsa‘re.
1039 1489 1228 1573 Loquentem
1256 1493 1288 1552 in
1320 1488 1380 1553 illis

303 1594 438 1660 versibus
456 1606 575 1680 poetam
597 1597 696 1681 ipsum
714 1596 805 1661 nimis
827 1616 972 1681 agnosc03
989 1595 1151 1661 ridiculum
1175 1595 1227 1661 ille
1251 1595 1381 1660 intendit

303 1702 381 1765 ultra
403 1703 465 1767 veri
488 1703 623 1768 modum.
650 1703 727 1767 Sunt
748 1722 819 1768 vero
844 1703 876 1767 in
898 1703 963 1788 ejus
982 1682 1118 1790 partibus
1138 1723 1206 1788 quae
1229 1703 1380 1767 immerito

303 1829 437 1895 respuas.
465 1815 532 1878 Non
546 1811 661 1879 sincera
675 1798 873 1898 et'ingeniosa
897 1812 1050 1878 notatione
1063 1822 1143 1877 caret
1168 1813 1219 1876 illa
1238 1811 1381 1896 nuptialis

202 1949 206 1954 ¹
303 1919 516 2003 negotiationis
527 1921 662 1985 tentatio
680 1922 764 1985 Anus
784 1941 863 2004 saepe
876 1930 974 1984 versat
993 1920 1044 1984 illa
1065 1920 1223 2004 cupiditas.
1236 1919 1381 1983 ,lamfra-

306 2035 406 2106 trem,
428 2029 492 2114 jam
520 2030 647 2094 amicam
672 2030 832 2094 mulierem
855 2027 1015 2112 sponsione
1035 2026 1195 2092 destinavit
1221 2026 1379 2105 Eunomia,

306 2134 367 2201 sive
389 2137 459 2215 otio,
480 2137 541 2202 sive
563 2137 701 2202 utilitatis
715 2138 820 2203 alienae
841 2135 936 2222 gratia
955 2136 980 2198 ⁸.
996 2136 1045 2214 At,
1059 2145 1089 2199 ut
1104 2136 1194 2213 bona,
1207 2135 1247 2198 ita
1263 2133 1383 2201 mobilis

305 2242 419 2327 ingenii
441 2253 497 2307 est.
520 2245 578 2309 Vix
591 2245 743 2310 Euclionis
757 2243 851 2309 liliam
872 2263 905 2308 se
927 2243 1090 2328 petiturum
1113 2263 1179 2309 esse
1202 2243 1383 2327 Megadorus

306 2351 392 2431 dixit,
407 2372 501 2437 quum
514 2353 551 2418 de
560 2354 712 2440 proposito
738 2355 817 2419 cedit
829 2353 987 2433 Eunomia,
1013 2356 1179 2439 probatque
1192 2353 1273 2439 quod
1292 2354 1384 2418 lrater

305 2459 401 2527 lacere
421 2461 561 2527 instituit.
577 2465 670 2548 AEque
684 2463 902 2529 inconstantem
921 2482 953 2527 se
969 2471 1106 2542 testatur,
1130 2481 1224 2547 quum
1250 2461 1383 2546 precanti

306 2568 368 2634 silio
383 2570 543 2655 Lyconidae
557 2571 633 2670 pihil
656 2570 777 2658 objicit,
800 2571 1007 2656 significatque
1024 2592 1056 2636 se
1077 2572 1305 2656 impetraturam
1319 2590 1384 2635 esse

308 2681 498 2765 allegadoro
510 2691 544 2746 ut
558 2692 654 2747 mutet
668 2683 861 2747 sententiam.
1069 2755 1071 2758 ¹

351 2790 464 2854 Verum
476 2790 613 2856 fortiores
633 2790 749 2856 indoles
774 2791 928 2855 adeamus.
946 2790 1041 2856 Licet.
1060 2792 1141 2869 Quid
1162 2792 1243 2856 enim
1256 2791 1383 2862 certius,

306 2896 380 2981 quid
416 2897 555 2976 fidelius,
587 2898 660 2983 quid
691 2899 779 2964 lande
811 2899 958 2985 dignius,
990 2917 1079 2983 quam
1113 2898 1228 2963 Pinacii
1253 2900 1279 2955 ⁸.
1299 2897 1385 2981 inge-

307 3010 392 3075 nium
405 3011 437 3074 in
449 3012 562 3078 Sticho.
578 3016 620 3077 lla
632 3021 677 3078 est
689 3022 768 3077 casta
780 3023 809 3078 et
823 3024 913 3078 tenax
936 3012 1079 3097 propositi
1097 3011 1322 3077 materfamilias
1336 3031 1386 3075 ro·

308 3138 395 3185 mana
407 3120 431 3199 l,
446 3121 531 3207 cujus
547 3121 638 3187 fidem
661 3122 737 3187 nihil
759 3122 915 3207 pervincit.
933 3122 1051 3187 Absunt
1067 3121 1247 3207 jamdudum
1265 3120 1385 3198 mariti,

342 3368 350 3401 ¹
366 3367 430 3415 Plut.
445 3368 521 3416 Num.
537 3372 575 3415 tt.
592 3395 622 3401 -
634 3368 645 3401 ²
657 3368 693 3414 el.
711 3366 797 3415 Aulul.
819 3367 865 3426 lV,
882 3372 920 3425 Ιθ,
937 3371 978 3415 53.
990 3368 1057 3415 hleus
1069 3367 1114 3415 luit
1128 3372 1195 3428 pater
1207 3364 1383 3420 Antimachus,

310 3461 353 3505 ego
364 3460 436 3495 vocor
450 3445 584 3508 Lyconides
594 3484 598 3497 .
611 3446 685 3494 hleter
695 3454 731 3494 est
745 3448 877 3495 Eunomia.

342 3526 353 3559 ³
366 3526 453 3573 Procul
470 3525 544 3574 dubio
556 3533 592 3574 est
605 3540 633 3573 ea
645 3514 828 3576 muliermediae
838 3527 915 3575 aetatis
929 3526 1004 3587 (Aul.
1019 3526 1056 3583 ll,
1072 3530 1095 3583 1,
1108 3529 1151 3587 37)
1170 3524 1242 3572 vidua
1258 3523 1386 3576 Eunomia*

311 3606 340 3653 ad
353 3606 437 3654 instar.
452 3607 593 3669 Megadorus
606 3606 651 3654 hoc
665 3609 689 3656 in
703 3608 756 3655 loco
771 3606 961 3655 controversiam
974 3605 1066 3653 dirimit
1079 3620 1142 3668 saepe
1155 3620 1169 3652 a
1181 3605 1280 3653 comicis
1296 3617 1386 3666 propoz

311 3684 381 3735 sitam
395 3700 401 3731 :
422 3686 480 3733 Utra
492 3686 523 3733 sit
534 3686 639 3735 conditio
656 3687 754 3749 pensior
770 3682 918 3748 virginemne
932 3700 962 3733 an
976 3684 1073 3733 viduam
1087 3682 1189 3734 habere?
1210 3683 1340 3746 (Stichus,
1360 3682 1389 3741 l,

313 3769 342 3825 b,
357 3769 383 3813 ot
391 3766 407 3829 .)
419 3765 478 3816 Vide
488 3780 585 3829 quoque
596 3767 668 3817 verbo
678 3768 728 3815 haec
741 3766 818 3815 Naevii
831 3782 837 3815 z
849 3766 936 3815 Utrum
946 3772 983 3813 est
996 3764 1083 3822 melius
1093 3763 1242 3825 virginemne
1251 3778 1282 3811 an
1292 3762 1388 3813 viduam

312 3860 412 3894 uxorem
430 3846 533 3895 duceret
544 3874 574 3885 .-
590 3846 710 3908 Virginem
721 3846 741 3894 si
751 3854 831 3895 musta
844 3852 880 3894 est
890 3844 959 3905 (Otto
972 3844 1090 3901 Ribbeck,
1104 3844 1183 3904 Frap.
1200 3842 1294 3892 Gemit.
1306 3840 1389 3889 Lotiu.

228 3908 235 3921 ’
313 3924 563 3989 NaemGymnustie,
580 3926 630 3989 53).

343 4004 354 4043 4
366 4005 426 4055 Vide
439 4006 464 4055 in
480 4006 657 4069 prolegomenis
669 4006 792 4055 Ritsehelii
808 4004 838 4053 ad
855 4004 963 4053 Stichum
977 4016 1093 4066 perquam
1106 4003 1255 4064 probabilem
1268 3999 1391 4061 conjectu-

313 4099 364 4133 ram
377 4086 407 4134 de
420 4086 541 4135 mutandis
553 4087 692 4135 nominibus
709 4086 858 4143 Pinacium,
872 4084 1020 4145 Peueppris,
1036 4082 1060 4130 in
1074 4083 1130 4141 alia,
1142 4082 1303 4138 Philumena,
1317 4080 1392 4126 Pem-

311 4165 399 4227 plu'le,
410 4178 464 4227 quae
476 4166 568 4227 profert
579 4166 754 4215 Ambrosianus
764 4164 850 4213 codex.

279 4294 282 4299 ,
324 4286 328 4293 .
345 4246 356 4279 5
370 4244 452 4295 Genus
467 4246 531 4294 enim
544 4253 580 4295 est
593 4260 669 4307 ux0r3
683 4245 736 4308 ejus
754 4244 809 4293 dnae
824 4245 924 4301 formae,
937 4244 991 4301 una
1000 4243 1223 4301 matrumfamilias,
1236 4252 1318 4288 earum
1336 4251 1390 4300 quaa

315 4327 339 4379 in
354 4340 452 4375 manum
466 4335 644 4389 convenerunt;
660 4328 734 4375 altera
747 4340 830 4374 earum
841 4340 896 4387 quae
909 4324 1076 4374 tantummodo
1091 4338 1179 4372 uxores
1193 4321 1321 4370 habentur.
1338 4318 1389 4367 Cic.
