3250 5050
640 409 861 475 ...14-

236 552 321 630 Silet,
336 553 413 616 inter
433 571 465 615 se
481 550 684 636 jurgiantibus
696 550 789 635 Gripo
800 549 1042 628 etTrachalione,
1058 549 1138 634 quod
1159 550 1307 619 veteribus

233 661 377 728 indicium
389 670 453 726 erat
464 658 621 745 dignitatis
633 670 663 725 et
676 659 797 745 pudoris
813 667 828 721 ε’

359 833 395 882 Eo
404 839 497 892 tacent,
509 826 647 896 quia'tacita
656 831 721 881 bona
731 831 762 880 ’st
772 831 859 881 mulier
870 842 964 892 semper
974 844 1048 894 quam
1059 833 1163 896 loquens
1171 832 1192 879 ¹.
1211 829 1218 849 “

234 995 283 1062 Fit
294 995 408 1080 agnitio
429 995 494 1060 sine
504 995 565 1060 illis
577 994 708 1062 motibus
726 1013 800 1079 qum
815 993 972 1060 indecoros
992 993 1214 1059 arbitrabantur
1226 993 1308 1057 anti-

232 1105 295 1189 qui.
312 1108 462 1183 Personae,
475 1114 505 1169 et
518 1104 597 1170 inter
610 1104 731 1169 allectos
743 1101 1024 1169 vehementissimos
1035 1102 1081 1168 sui
1102 1113 1173 1167 sunt
1183 1122 1307 1188 compo-

232 1223 289 1291 tes,
303 1222 336 1277 ut
349 1213 496 1297 ingenuos
508 1211 645 1278 homines
666 1231 731 1277 esse
742 1232 796 1296 par
809 1222 883 1277 erat.
899 1213 1041 1278 Palaestra
1058 1211 1238 1297 jamdudum
1251 1232 1306 1297 pa-

231 1331 331 1389 rentes
342 1322 460 1407 querit,
473 1330 503 1388 et
512 1320 544 1386 in
553 1341 588 1387 ea
600 1320 781 1405 cogitatione
793 1329 855 1385 tota
869 1332 934 1401 est;
950 1340 1010 1387 una
1024 1339 1058 1387 re
1069 1339 1155 1386 mens
1170 1321 1235 1407 ejus
1256 1339 1308 1386 oc-

141 1509 144 1513 ,
230 1439 366 1514 cupatur,
389 1429 503 1496 cistella
526 1427 639 1494 scilicet
659 1427 691 1492 in
712 1448 769 1513 qua
788 1428 950 1512 crepundia
973 1438 1055 1503 sunt;
1071 1426 1101 1492 id
1121 1447 1216 1494 unum
1237 1448 1309 1494 vero

233 1535 316 1602 dicit:

358 1689 442 1749 Salve,
452 1692 486 1740 mi
495 1697 564 1753 pater
575 1691 695 1753 insperate
704 1691 726 1735 2.

227 1851 426 1929 Anterastile,
450 1852 687 1937 Adelphasium,
711 1852 892 1938 Ampelisca,
908 1853 1038 1938 parvulae
1058 1852 1231 1938 parentibus
1256 1874 1307 1919 su-

231 1959 354 2044 breptae,
368 1961 400 2025 in
414 1961 503 2026 domo
517 1961 633 2026 lenonis
647 1981 753 2027 omnes
767 1961 900 2027 educatae
920 1970 1001 2039 sunt,
1016 1970 1165 2044 castaeque
1185 1979 1307 2025 manse

231 2076 301 2132 mut
311 2077 342 2133 et
356 2067 492 2135 libertate
503 2068 614 2152 dignae.
633 2070 672 2134 At
685 2069 766 2135 nulla
776 2071 928 2134 Palaestrae
939 2087 994 2153 par
1004 2077 1060 2134 est.
1076 2067 1306 2133 Absolutissima

230 2182 277 2237 est
289 2174 322 2238 in
332 2175 385 2240 tali
399 2196 520 2262 genere,
533 2196 590 2242 nec
602 2178 680 2242 ultra
692 2196 778 2242 mens
789 2175 888 2241 Plauti
901 2195 933 2240 se
948 2174 1054 2241 erexit.
1072 2174 1184 2241 Haberi
1196 2184 1304 2260 potest,

230 2296 264 2346 ut
276 2303 342 2369 quae
354 2285 513 2352 mitissima
525 2295 555 2352 et
569 2285 777 2352 venustissima
787 2285 827 2350 sit
840 2336 846 2362 ,
861 2305 920 2349 una
944 2304 981 2350 ex
999 2282 1211 2349 amoenissimis
1229 2284 1306 2349 ima-

229 2389 351 2474 ginibus
362 2411 441 2477 quas·
448 2386 579 2459 reddidit
593 2415 641 2458 ars
652 2393 776 2459 comica.

275 2503 376 2581 Quum
389 2521 459 2569 vero
468 2503 646 2569 tentaverim
654 2501 704 2568 hic
715 2501 832 2568 indoles
842 2522 894 2588 per
907 2502 1017 2588 gradus
1027 2501 1197 2590 disponere,
1213 2512 1304 2568 atur-

228 2610 361 2697 pissimis
374 2612 535 2698 profectus,
551 2621 584 2679 ut
603 2612 641 2677 ad
656 2611 784 2697 optimas
804 2610 1004 2697 pervenirem,
1019 2611 1125 2678 effictis
1138 2632 1177 2678 ex
1196 2613 1305 2678 Plauto

229 2720 461 2806 corruptricibus
485 2722 573 2799 leuis,
596 2720 753 2786 meretrice
774 2719 949 2805 impudente
974 2730 1006 2785 et
1027 2720 1155 2805 procaci,
1177 2720 1304 2787 muliere

229 2828 309 2912 apud
323 2848 413 2913 quam
424 2828 505 2894 vitiis
518 2831 596 2894 bona
614 2827 753 2913 quaedam
774 2827 1031 2906 intermiscentur,
1054 2825 1183 2912 denique
1203 2828 1302 2914 puella

229 2945 309 3001 sorte
322 2936 411 3003 istam
424 2936 455 3001 in
467 2935 670 3002 conditionem
683 2935 809 3021 dejecta,
825 2945 856 3000 et
866 2945 988 3019 propter
999 2944 1137 3000 naturam
1148 2934 1302 3019 egregiam

228 3044 332 3122 animi,
351 3044 408 3110 diis
417 3044 602 3130 juvantibus,
617 3045 709 3122 salva,
724 3043 899 3123 servarint
911 3062 979 3109 eam
989 3042 1120 3129 juxta-et
1133 3043 1234 3108 forsan
1251 3064 1302 3109 su-

228 3172 282 3236 pra
295 3154 470 3221 Palaestram
482 3153 656 3218 collocarem
672 3204 679 3232 ,
694 3170 853 3238 personam
870 3150 976 3217 Silenii
990 3170 1056 3236 quae
1069 3160 1115 3216 est
1139 3150 1171 3215 in
1194 3151 1303 3217 Cistel-

228 3258 313 3324 laria.

275 3372 309 3435 ln
335 3368 386 3433 illa
400 3369 536 3435 miranda
549 3371 648 3437 fabula
665 3423 672 3451 ,
697 3391 764 3456 quae
774 3380 918 3449 ceterum,
933 3379 966 3435 ut
991 3368 1128 3446 Rudens,
1143 3367 1255 3453 pendet
1263 3389 1301 3435 ex

228 3475 400 3543 inventione
418 3476 540 3545 cistellae
553 3499 611 3565 qua
634 3477 794 3565 crepundia
818 3478 932 3543 inclusa
945 3486 1026 3556 sunt,
1047 3476 1209 3543 muliebres
1231 3496 1301 3563 per-

227 3604 310 3651 sonae
318 3587 419 3670 plures
432 3597 502 3653 sunt
514 3606 605 3673 quam
616 3586 728 3666 viriles,
738 3596 779 3667 et,
792 3584 928 3671 quamvis
941 3584 1033 3651 nimis
1047 3585 1141 3650 multa
1153 3584 1184 3649 in
1199 3604 1233 3649 ea
1247 3604 1301 3651 ve-

227 3702 338 3759 tustate
360 3694 470 3761 abolita
489 3693 712 3772 desiderentur,
733 3692 821 3759 lacile
843 3693 1006 3779 perspicias
1025 3703 1121 3761 artem
1143 3692 1299 3778 perlectis-

225 3802 333 3867 simam
347 3813 378 3869 et
401 3802 592 3890 ingeniorum
606 3804 792 3870 notationem
805 3803 1042 3869 callidissimam.
1070 3802 1148 3868 Sunt
1159 3801 1297 3888 quaedam

226 3909 335 3977 indicia
347 3932 399 3977 cur
412 3914 606 3999 archetypum
619 3912 1000 3997 argumentumllenandro
1008 3911 1172 3988 tribuatur;
1185 3918 1215 3974 at
1225 3930 1298 3975 con-

223 4028 282 4085 stat
307 4041 454 4106 nusquam
478 4022 551 4087 alias
576 4032 689 4087 certare
703 4022 857 4088 venustius
882 4022 1015 4087 allectus.
1040 4022 1138 4104 Prope
1161 4020 1244 4083 lenas
1267 4030 1297 4084 et

225 4127 423 4212 Gymnasium
435 4114 587 4195 decentior
601 4138 631 4194 et
644 4130 810 4215 elegantior
822 4130 936 4197 eminet
950 4126 1108 4193 Silenium.

260 4362 267 4395 ¹
284 4362 347 4409 flod.
362 4363 404 4422 IV,
418 4366 442 4422 l,
453 4367 491 4411 m.
503 4392 531 4399 -
543 4363 553 4397 ²
564 4364 599 4413 ld.
612 4364 654 4423 ll',
667 4369 691 4423 l,
701 4370 739 4414 70.
