3250 5050
771 349 993 409 -8-.,

315 489 462 555 Excidunt
483 509 517 553 cx
544 488 609 572 ejus
631 507 682 552 ore
706 488 794 552 verba
814 486 1075 571 exquisitissima:
1126 492 1128 494 ’

563 689 609 738 Sed
618 703 660 751 ego
675 704 727 738 rom
739 703 817 738 meam
829 703 942 750 magnam
955 688 1106 738 confabulari

437 771 528 820 Tecum
541 770 597 818 volo
611 787 618 822 t
634 769 722 817 sociam
736 776 759 817 te
771 769 831 818 mihi
844 768 932 830 adopto
948 767 978 816 ad
991 781 1069 816 meam
1083 767 1184 815 salutem
1198 767 1219 813 ¹.

315 951 417 1028 Quum
436 948 518 1034 ipsa,
541 957 657 1014 tacente
673 950 885 1033 Lampadione,
912 950 1063 1014 Haliscam
1095 949 1389 1031 interrogat,quan-

314 1067 378 1122 tam
399 1077 460 1144 prae
480 1077 513 1123 se
533 1057 591 1123 fert
610 1059 800 1124 clementiam
823 1067 853 1123 et
870 1059 1073 1125 sinceritatem
1089 1054 1096 1119 l

720 1263 770 1324 Ego
783 1276 837 1312 sum
851 1262 918 1310 illius
930 1268 1009 1310 mater

441 1341 499 1400 Quae
510 1341 561 1390 lraec
574 1343 703 1404 gestitavit.

366 1483 369 1490 .
720 1421 821 1480 Mulier,
834 1434 905 1483 perge
918 1420 998 1469 dicere

442 1503 487 1550 Ubi
496 1517 524 1551 ea
536 1509 572 1550 est
585 1517 639 1564 quae
653 1504 782 1565 gestitavit.

315 1684 477 1767 Quumque
500 1682 582 1747 novit
603 1681 709 1764 puellae
723 1689 858 1760 atatem,
873 1692 907 1744 ut
925 1683 1073 1745 exclamat
1087 1676 1095 1740 l

440 1883 531 1932 llea’st.

503 1963 571 2021 Quod
589 1963 759 2024 quaeritabam,
771 1963 845 2011 liliam
859 1964 941 2010 inveni
955 1978 1043 2010 meam.

316 2141 461 2220 Videtur,
482 2143 532 2206 illa
556 2142 695 2220 intenta,
727 2143 792 2228 ejus
816 2143 934 2208 animus
958 2143 1161 2207 leniorlactus
1187 2161 1271 2221 esse,
1287 2143 1394 2207 rerba-

316 2271 375 2334 quc
396 2251 477 2329 edit,
503 2271 571 2336 quae
596 2252 720 2317 minime
741 2262 811 2317 sunt
841 2252 948 2316 usitata
974 2253 1053 2335 apud
1080 2255 1248 2319 Romanum
1272 2261 1391 2336 poetam

317 2359 353 2423 de
379 2377 463 2424 servo
482 2360 677 2444 loquentem:

567 2563 669 2624 AEquom
684 2565 801 2624 postulas.

442 2643 474 2691 At
487 2642 561 2703 hujus
575 2657 612 2691 mc
623 2644 729 2691 miseret.

317 2844 362 2907 De
382 2860 465 2907 serva
487 2851 587 2907 autem
606 2824 716 2927 agitur.
735 2841 852 2908 Gradus
864 2850 943 2905 recte
962 2822 1069 2905 servati
1092 2850 1172 2905 sunt.
1197 2840 1314 2907 Gaudio
1327 2859 1396 2906 ma-

318 2950 364 3031 gis
390 2969 423 3013 ac
443 2948 540 3032 magis
562 2950 721 3015 resolvitur
744 2950 794 3015 ille
812 2948 950 3028 animus,
966 2949 1031 3034 jam
1049 2970 1103 3033 per
1121 2968 1153 3014 se
1174 2950 1238 3034 ipse
1250 2950 1391 3015 mollissi-

318 3076 397 3120 mus.
412 3058 516 3141 imago
530 3066 575 3122 est
592 3058 721 3141 perfecte
738 3078 877 3142 expressa
895 3068 925 3122 et
943 3058 980 3122 ad
994 3057 1150 3122 veritatem
1167 3058 1304 3123 adducta.
1330 3061 1396 3123 Ma-

318 3158 440 3228 ternum
463 3182 596 3231 amorem
623 3186 731 3245 nemo,
758 3186 799 3231 ne
819 3165 979 3250 Virgilium
1005 3164 1127 3250 quidem
1145 3164 1260 3251 excipio
1273 3166 1393 3252 Euryali

319 3283 414 3338 matre
437 3273 564 3353 fretum,
589 3274 697 3339 melius
721 3274 850 3339 reddidit
870 3284 901 3339 et
920 3273 1070 3340 solertius.
1180 3266 1191 3277 ’

364 3380 430 3445 Alia
443 3382 551 3447 mulier
571 3381 670 3447 vitiata
693 3393 738 3447 est
758 3392 787 3447 ct
807 3382 900 3461 filiam
924 3382 1041 3461 amisit,
1058 3382 1197 3468 Philippa
1211 3383 1242 3447 in
1256 3382 1388 3469 Epidico.

320 3491 387 3555 Non
412 3488 443 3552 in
468 3489 573 3555 eodem
595 3500 674 3556 statu
699 3500 744 3555 cst
769 3511 812 3577 ac¹
828 3490 1026 3557 Phanostrata
1057 3490 1089 3556 in
1116 3490 1292 3557 Cistellaria.
1322 3492 1394 3555 Haec

319 3597 389 3663 licet
402 3598 552 3682 incognita
567 3599 762 3683 compressuri
779 3600 890 3685 nupsit.
912 3601 950 3664 At
965 3600 1150 3684 Periphanes
1167 3600 1302 3665 nondum
1326 3619 1395 3663 rur-

320 3704 554 3792 susPhilippam
572 3706 707 3792 aspexit3
733 3706 827 3774 filiam
840 3708 966 3794 querit,
992 3707 1116 3791 vultque
1140 3726 1206 3772 cam
1232 3706 1389 3773 redimere.

320 3813 414 3878 lussit
433 3814 524 3879 ctiam
546 3815 703 3899 Epidicum
727 3835 846 3881 servum
868 3816 899 3882 id
919 3835 1028 3901 agere,
1060 3833 1215 3901 quumque
1237 3814 1398 3880 arbitretur

322 3922 403 3988 liunc
422 3922 576 4007 paruisse,
601 3944 719 3990 summa
738 3946 809 3992 cura
822 3925 974 3991 fidicinam
995 3925 1144 4006 custodit,
1164 3923 1255 3989 atilio
1268 3934 1396 3989 amatam

322 4040 352 4097 et
374 4054 390 4097 a
412 4054 496 4099 servo
519 4046 650 4123 emptam
674 4037 819 4123 pecunia,
843 4057 903 4122 qua
924 4038 1056 4121 puellam
1077 4034 1229 4101 vindicare
1253 4036 1285 4101 in
1306 4036 1399 4100 liber-

354 4284 364 4319 1
379 4281 471 4335 discut.
484 4285 527 4345 lv,
542 4292 566 4343 Ξ,
582 4294 621 4338 77.
635 4292 718 4341 Cetera
728 4304 782 4351 qum
797 4298 933 4352 sequnntur
944 4304 973 4337 er
986 4289 1069 4339 eadem
1083 4304 1154 4337 scena
1164 4293 1275 4350 excerpta
1285 4291 1354 4334 sunta
