3250 5050
675 403 859 469 ..23-

178 573 180 580 ·
228 541 373 628 pudorem
396 563 517 609 ornnem
541 517 696 628 deposuit,
721 554 751 609 et
773 513 897 629 paterna
921 513 1066 633 potestate
1091 542 1122 609 in
1137 545 1305 611 obnoxiam

229 650 321 716 liliam
335 654 444 718 abusus
457 660 512 717 est.
581 729 584 738 .
611 683 613 698 =

718 831 814 843 ...a—-

495 1071 552 1120 111.
584 1088 628 1100 -
661 1070 710 1119 DE
743 1069 1037 1122 MERETRlClBUS.

271 1243 366 1310 Venio
389 1266 468 1310 nuuc
493 1247 530 1311 ad
555 1247 748 1324 meretrices,
766 1266 834 1332 quae
857 1247 981 1312 maximi
1008 1246 1152 1312 momenti
1178 1267 1304 1332 persona

225 1363 270 1418 est
283 1354 315 1418 iu
328 1363 462 1419 veterum
485 1355 653 1434 comoedia,
677 1374 771 1440 quum
785 1374 888 1421 earum
911 1354 1073 1421 mulierum
1093 1357 1156 1421 fere
1173 1366 1306 1421 tantum-

225 1466 315 1531 modo
325 1485 441 1531 amores
454 1466 485 1530 in
506 1485 626 1532 scenam
638 1466 847 1532 exhibeantur.
874 1466 914 1531 At
936 1475 1016 1530 certe
1029 1468 1100 1532 solae
1115 1467 1195 1550 apud
1215 1469 1307 1532 Plau-

179 1643 182 1648 ,
224 1585 290 1639 tum
302 1574 424 1640 affectus
438 1574 586 1660 ejusmodi
600 1574 800 1660 profitentur,
823 1573 886 1640 sive
905 1584 972 1639 tum
990 1594 1051 1639 non
1066 1575 1169 1640 liceret
1181 1575 1308 1641 liberam

226 1684 370 1749 leminam
384 1682 456 1749 vitio
468 1684 676 1769 indulgentem
690 1703 791 1751 coram
812 1685 924 1769 populo
937 1684 1082 1768 effingere
1096 1737 1103 1763 ‚
1118 1685 1180 1750 sive
1194 1685 1306 1770 reipsa,

224 1793 359 1857 nondum
379 1793 526 1878 perversis
549 1793 702 1873 moribus,
724 1793 822 1858 rarius
839 1802 918 1857 esset
943 1791 1156 1858 matronalium
1176 1793 1308 1877 flagitio-

228 1922 296 1967 rum
321 1905 515 1987 exemplum,
541 1921 631 1988 quam
653 1913 686 1967 ut
708 1904 738 1966 in
762 1902 881 1967 ridiculi
894 1901 945 1986 jus
955 1901 1085 1966 venisset
1099 1903 1124 1966 ¹.
1138 1902 1309 1968 Meretrices

224 2020 327 2076 contra
340 2031 376 2076 eo
387 2021 522 2096 tempore
533 2011 645 2076 fiebant
657 2011 776 2075 muscis
789 2019 896 2075 aestote
905 2013 1136 2076 numerosiores
1146 2013 1158 2048 ²
1163 2033 1174 2087 ;
1190 2031 1207 2076 e
1221 2011 1308 2077 Grae«

226 2120 270 2184 oia
293 2102 465 2197 rasennam,
479 2119 679 2204 elegantiam,
696 2118 797 2183 omnia
811 2118 898 2199 vitia,
914 2139 1079 2205 omnesque
1092 2110 1248 2186 illecebras
1260 2141 1308 2186 se-

226 2247 295 2293 cum
310 2227 500 2293 advexerant.
516 2227 654 2312 Denique
669 2235 776 2313 preter
790 2229 1012 2311 spectaculum,
1033 2229 1114 2313 quod
1129 2229 1224 2293 oculis
1244 2228 1313 2314 ipso

226 2338 388 2414 cernebat,
424 2337 556 2421 amplam
578 2337 735 2404 materiam
754 2356 787 2402 ea
802 2337 840 2401 de
859 2357 891 2401 re
910 2338 943 2401 in
966 2337 1070 2421 grecis
1086 2337 1314 2423 exemplaribus

226 2442 396 2510 inveniebat
421 2446 555 2510 Plautus.
582 2444 653 2511 Ideo
678 2445 927 2530 frequentissimae
948 2456 1018 2511 suut
1038 2447 1120 2533 apud
1140 2465 1230 2515 eumr

180 2578 184 2584 ·
272 2552 462 2621 Meretricum
483 2552 549 2619 aliae
571 2573 664 2619 servae
687 2564 777 2633 sunt,
803 2555 870 2621 aliae
892 2555 1006 2621 liberae.
1036 2557 1173 2636 Atinter
1186 2556 1312 2621 illarum:

181 2671 185 2677 '
226 2672 337 2729 sortem
349 2671 379 2727 et
389 2662 563 2727 ancillarum
572 2663 775 2736 conditionem
785 2666 916 2729 multum
929 2664 1031 2730 distat.
1048 2666 1081 2730 Si
1090 2665 1230 2750 quaedam
1241 2685 1313 2731 me·-

122 2828 130 2843 ,
228 2772 350 2837 retrices
372 2770 488 2836 lenonis
502 2771 613 2855 impuri
626 2782 656 2837 et
668 2772 763 2851 avidi,
779 2773 832 2858 qui
852 2794 903 2838 eas
917 2774 1016 2839 verbis
1029 2775 1107 2840 male
1130 2776 1256 2839 mulctat
1278 2784 1309 2839 et
1337 2854 1346 2871 ο

228 2880 265 2944 ad
285 2889 373 2963 turpe
384 2878 587 2944 ministerium
599 2880 699 2965 cogit,
725 2882 923 2946 dominationi
938 2891 1061 2967 parent,
1086 2902 1148 2947 nou
1166 2880 1309 2967 subjecta

226 2998 296 3052 sunt
319 2986 504 3072 gravissimis
528 2987 642 3053 servitii
664 2988 827 3055 laboribus.
845 2991 957 3054 Earum
970 2990 1204 3074 pulchritudiuis
1217 3009 1305 3069 cure,-

225 3099 288 3181 ipsa
300 3118 363 3163 suae
376 3096 513 3161 utilitatis
526 3096 674 3161 affectatio
688 3097 796 3163 herum
809 3098 845 3163 ad
859 3098 890 3163 id
904 3099 1065 3184 impellunt
1085 3110 1120 3164 ut
1133 3098 1178 3165 eis
1188 3108 1308 3183 parcat.

224 3208 380 3293 Denique,
407 3205 469 3271 sive
496 3205 546 3269 illa
570 3204 678 3270 usitata
701 3206 734 3272 in
756 3208 874 3273 theatro
899 3219 1035 3273 veterum
1061 3208 1229 3292 agnitione,
1253 3228 1306 3273 seu

228 3317 379 3381 voluntate
393 3312 524 3380 liberalis
543 3314 694 3395 amatoris,
710 3315 741 3379 in
754 3315 924 3381 libertatem
935 3317 1084 3402 pleraque
1102 3316 1303 3382 vindicantur.

225 3424 298 3491 lude
311 3422 483 3502 conditione
496 3420 595 3486 media
617 3422 780 3502 fruuntur,
796 3423 837 3487 ita
861 3433 895 3488 ut
916 3424 1031 3490 secerni
1055 3424 1184 3491 debeant
1209 3425 1247 3489 ab
1270 3425 1307 3490 iis

225 3552 293 3617 quae
315 3550 384 3597 vere
404 3530 549 3613 serviunt.
577 3532 709 3611 Rursus,
724 3550 791 3616 quae
810 3531 912 3597 liberae
928 3542 999 3597 sunt
1012 3532 1084 3617 ipsae
1098 3584 1106 3610 ,
1121 3553 1201 3616 saepe
1213 3552 1308 3618 serrae

226 3642 367 3721 luerunt,
384 3640 498 3707 lihertae
510 3649 602 3721 sunt,
624 3650 655 3706 et
665 3641 781 3707 clientae
793 3642 858 3707 sive
869 3662 975 3709 eorum
988 3642 1125 3728 quiolim
1139 3645 1207 3709 illas
1223 3661 1314 3709 ama--

225 3759 351 3829 verunt,
378 3769 432 3814 seu
454 3748 566 3815 civium
585 3749 657 3833 qui,
684 3750 758 3815 dum
781 3749 848 3815 illas
871 3760 1014 3831 tuentur,
1038 3772 1144 3818 eorum
1169 3772 1207 3817 ex
1224 3761 1313 3825 statu,

226 3859 323 3924 varias
332 3858 476 3925 utilitates
486 3858 802 3943 percipiunt³.Verum
811 3859 890 3925 iuter
898 3880 949 3927 ons
958 3870 1005 3927 est
1015 3860 1306 3946 aliquidcommune;

227 3986 288 4031 uon
300 3966 398 4031 dicam
412 3965 591 4042 artificium,
604 3966 684 4051 quod
695 3967 878 4051 quibusdam
891 3990 952 4075 non
965 3969 1006 4038 ita
1017 3988 1051 4035 se
1062 3988 1110 4034 res
1121 3968 1226 4046 hahet,
1251 3967 1312 4039 sed

258 4202 267 4236 ¹
283 4200 343 4251 Vide
354 4207 435 4249 notam
445 4202 557 4251 eximiam
563 4180 665 4251 Naudeti
676 4202 706 4249 ad
713 4216 809 4251 versum
820 4205 896 4249 mum
904 4199 1127 4257 Casinae,Bibtiotlr.
1138 4199 1313 4255 Penokouelr.„

228 4280 307 4330 Pleut.
321 4280 349 4329 Τ.
364 4280 409 4339 111,
419 4295 444 4343 p.
455 4284 511 4329 429.
521 4310 551 4317 —
564 4282 575 4315 2
591 4282 690 4330 Trucul.
701 4281 721 4340 1,
734 4285 758 4340 1,
769 4285 808 4329 ld.

261 4363 272 4395 ³³
286 4363 378 4413 (lestolt.
389 4365 409 4422 l,
424 4368 447 4424 1,
458 4368 488 4429 30
503 4372 526 4415 et
536 4380 589 4428 sqq.
601 4366 655 4416 Mil.
670 4367 732 4429 glor.
745 4365 788 4423 111,
800 4368 824 4421 l,
836 4367 879 4411 192
