3250 5050
659 1 693 44 a.
726 1 729 4 .
877 1 882 5 .

715 69 731 96 c

636 8 942 347 ΜΝΞ-11111)

752 240 790 279 oe

667 305 889 404 cklffipffiss„

672 445 716 456 ..
743 408 784 472 45
809 444 854 455 .-

229 547 390 618 Considera
411 566 491 613 nuno
511 545 593 611 lovis
610 553 640 612 et
664 547 837 614 Alcumena
848 544 1118 612 confabulationem
1134 564 1300 614 :noaneea

228 678 297 724 vera
319 666 365 722 est
375 656 490 741 effigies
510 656 654 722 absolutae
666 654 945 722 matrisiarnilias⁴l
958 654 1053 721 Audis
1077 656 1159 722 enim
1175 657 1301 724 blandas

229 765 295 831 illas
318 765 355 830 de
377 764 433 829 viri
453 751 587 830 absentia
606 764 762 849 querelas,
786 782 915 848 quarum
924 774 1026 829 tamen
1037 765 1120 830 nulla
1128 765 1300 850 pudicitiae,

229 895 297 960 qnae
308 883 477 939 matronam
495 873 598 951 decet,
625 872 806 939 oblivionem
821 872 930 957 arguit.
948 873 1037 939 Amat
1052 874 1232 953 Alcumena,
1248 893 1302 940 nec

229 983 330 1048 minus
350 991 429 1048 casta
449 991 505 1047 est.
533 982 603 1047 Sive
623 981 655 1046 in
677 982 837 1047 verborum
857 980 991 1060 delectu,
1013 981 1119 1047 sivein
1141 982 1301 1049 affectuum

229 1091 465 1176 significatione,
490 1089 567 1155 nihil
586 1089 724 1176 estquod
738 1089 949 1175 reprehendas.
974 1090 1014 1154 Ut
1027 1090 1169 1155 maritum
1182 1090 1301 1175 diligit,

229 1199 270 1264 ita
294 1218 358 1264 rem
381 1215 572 1264 communem
592 1207 695 1277 curat,
717 1205 747 1262 et
765 1196 796 1263 id
817 1196 908 1262 nimis
928 1195 1047 1262 assidue
1066 1197 1150 1277 lacit,
1164 1205 1302 1283 utquam

230 1305 462 1392 impercerosibi
472 1306 578 1392 jubeat
601 1304 724 1370 sedulus
748 1300 868 1390 conjnx.
895 1304 980 1371 Adde
1003 1325 1076 1390 erga
1099 1323 1201 1370 servos
1219 1304 1303 1369 illam

230 1413 441 1491 clementiam,
465 1415 567 1500 probae
587 1413 697 1478 indolis
720 1422 836 1477 certum
859 1411 1025 1492 indicium,
1047 1413 1128 1498 quod
1142 1431 1303 1497 agnoscere

229 1523 315 1588 facile
328 1523 417 1588 estin
430 1522 570 1588 omnibus
584 1544 600 1588 a
614 1525 720 1588 Plauto
738 1521 873 1606 personis
891 1520 1089 1587 muliebribus
1109 1520 1215 1586 effictis
1235 1541 1303 1606 quae

228 1651 318 1715 snpra
331 1632 484 1716 vulgasse
497 1632 638 1696 attollunt
650 1641 684 1696 ut
697 1640 742 1696 est
752 1630 950 1712 Phanostrata
962 1630 995 1694 in
1005 1627 1181 1695 Cistellaria.
1195 1628 1304 1694 Prohi-

229 1740 281 1804 bet
302 1739 384 1804 enim
405 1759 460 1804 nec
477 1739 567 1804 modo
594 1740 687 1805 semel
705 1741 809 1804 lovem
832 1737 978 1805 Mercurio
1005 1736 1182 1802 minantem.
1204 1735 1304 1801 Parti-

230 1867 299 1932 ceps
323 1857 369 1912 est
381 1831 545 1913 Alcumena
568 1848 704 1913 omnium
729 1847 830 1912 mariti
855 1846 1106 1925 commodornm;
1136 1845 1302 1911 absentiam

229 1955 294 2040 ejus
308 1956 411 2041 gloriae
421 1975 513 2041 quam
527 1955 584 2022 sibi
597 1955 675 2040 parit
688 1956 867 2042 cogitatione
878 1956 1001 2021 solatur.

355 2140 401 2190 Sed
411 2141 456 2191 hoc
470 2157 508 2191 me
518 2143 573 2192 beat
584 2144 681 2201 saltem,
694 2142 760 2205 quod
773 2141 917 2205 perduelleis
926 2141 983 2188 vicit
995 2147 1019 2190 et
1032 2139 1133 2190 domum

354 2223 444 2274 Laudis
453 2239 552 2289 compos
565 2227 657 2275 revenit
669 2241 675 2273 :
687 2225 712 2276 id
723 2226 807 2275 solatio
820 2225 860 2273 ’11
875 2223 958 2284 Absit3
970 2223 1103 2272 dummodo

355 2303 437 2353 Laude
447 2313 514 2366 parta
524 2304 624 2355 domum
635 2306 733 2368 recipiat
743 2320 769 2354 11
781 2321 787 2352 :
798 2298 876 2353 ¹feram
886 2310 910 2352 et
923 2303 1043 2366 perierem
1056 2318 1134 2367 usque

356 2383 456 2432 Abitum
469 2385 522 2447 eius
533 2386 614 2435 animo
628 2386 686 2434 lorti
699 2392 770 2448 atque
784 2385 928 2444 obfirmato,
940 2383 963 2432 id
977 2382 1049 2433 modo
1060 2384 1082 2433 si
1093 2384 1210 2434 mercedis

355 2462 431 2512 Datur
443 2463 502 2512 1111111
507 2498 515 2522 ,
525 2471 553 2513 ut
566 2479 635 2514 meus
646 2465 723 2514 victor
734 2465 771 2513 vir
783 2465 842 2513 belli
852 2464 946 2523 clueat3
959 2463 1017 2512 satis

356 2543 413 2591 111111
423 2558 475 2592 1111
488 2543 590 2595 1111111111
881 2529 887 2542 .

230 2723 269 2787 ht
278 2742 359 2788 nunc
375 2718 533 2809 postquam
547 2725 663 2790 indoles
677 2728 788 2812 optima
802 2727 975 2793 Alcumenae
988 2727 1020 2791 in
1032 2724 1202 2810 tranquillis
1213 2724 1303 2790 rebus

230 2852 261 2897 se
275 2842 369 2898 totam
387 2833 539 2918 explicuit,
557 2844 692 2919 superest
712 2846 746 2901 ut
759 2834 913 2901 videamus
926 2856 994 2921 quae
1009 2835 1109 2899 lutura
1128 2834 1167 2899 sit
1189 2833 1221 2898 in
1237 2842 1303 2898 tur·
1387 2824 1395 2832 ’

228 2940 318 3006 hidis.
346 2940 454 3025 Incipit
479 2942 572 3027 igitur
595 2942 737 3009 continuo
755 2942 906 3009 contentio
923 2952 1044 3029 propter
1065 2940 1303 3027 inexspectatum

228 3047 456 3133 Amphitruonis
468 3050 598 3115 reditum
608 3061 683 3115 orta.
700 3051 829 3118 Difficile
845 3062 909 3117 erat
921 3061 952 3116 et
968 3051 1021 3117 irae
1037 3050 1151 3117 sensim
1167 3070 1304 3117 crescen-

230 3156 269 3221 tis
293 3156 352 3221 vim
363 3157 550 3243 exprimere,
574 3168 604 3223 et
617 3178 734 3224 servare
748 3160 914 3225 matronale
937 3159 1038 3225 decus.
1062 3162 1097 3224 ln
1119 3178 1179 3243 qno
1200 3167 1303 3223 tamen

230 3284 290 3329 uon
313 3264 419 3330 cecidit
440 3267 575 3332 Plautus.
602 3266 677 3333 Vide
700 3269 832 3353 primum
856 3277 968 3354 quanta
992 3267 1198 3353 ingenuitate,
1222 3265 1303 3351 quod

230 3371 399 3438 irrisionem
417 3394 482 3441 esse
499 3375 612 3455 credit,
632 3386 794 3463 queratur;
822 3386 856 3441 ut
875 3376 950 3442 11111
975 3396 1055 3460 aegre
1079 3375 1302 3462 objurgationes

229 3478 286 3543 viri
309 3500 377 3565 qnae
393 3482 470 3547 liunt
490 3502 608 3569 semper
628 3485 809 3569 asperiores,
831 3504 887 3550 nec
899 3484 998 3551 subito
1008 3484 1048 3549 ad
1065 3483 1303 3569 indignationem

230 3588 340 3654 veniat.
366 3592 478 3656 Verum
501 3613 590 3680 supra
615 3602 712 3661 cetera
737 3603 783 3659 est
806 3592 858 3660 illa
880 3593 979 3679 lepida
1005 3593 1159 3673 narratio,
1188 3592 1221 3657 in
1245 3613 1305 3678 qna

229 3704 326 3781 potest
346 3698 486 3784 quodque
511 3702 637 3767 verbum
660 3702 692 3770 in
713 3702 928 3769 obscenitatem
949 3701 1100 3780 incidere,
1118 3719 1187 3786 quae
1203 3711 1305 3765 tamen

229 3824 378 3890 nusquam
396 3808 497 3895 pudici
509 3809 675 3889 sermonis,
690 3810 743 3897 qui
756 3812 835 3877 inter'
848 3810 991 3898 conjuges
1003 3810 1107 3877 haberi
1117 3809 1226 3895 possit,
1239 3827 1305 3875 mo-

229 3913 302 3979 dum
322 3918 459 3984 excessit.
477 3921 522 3986 Ne
533 3938 625 3986 unam
638 3918 761 4004 quidem
775 3940 879 3987 vocem
899 3920 931 3986 in
944 3922 1117 3987 Alcumenae
1129 3938 1181 3984 ore
1203 3937 1305 4003 repre

229 4019 374 4088 honsione
385 4022 507 4109 dignam
521 4026 680 4093 inveneris.
709 4028 921 4096 Animadverte
935 4029 1044 4107 simul,
1067 4037 1102 4092 nt
1119 4024 1321 4091 materiami-.

212 4274 219 4289 ¹
262 4274 272 4307 ¹
288 4275 435 4340 Maiestatem
446 4286 469 4328 et
480 4281 584 4330 nominis
595 4288 710 4332 matrones
725 4280 919 4331 sanctitudinem.
928 4280 1015 4329 1111111.
1029 4281 1084 4327 316,
1099 4279 1202 4339 braym.
1218 4276 1302 4327 comio.

233 4359 473 4409 111011111111111111.
491 4388 520 4397 -
536 4360 548 4395 ²
563 4362 651 4424 Amph.
663 4362 741 4421 11‚2,
756 4365 793 4411 la.
