3250 5050
807 413 920 477 „gg
944 449 989 461 -.

359 549 397 616 Et
414 551 466 634 qui
491 559 569 615 essct
589 549 702 614 cerebri
729 549 933 631 felicissimus,
955 553 1029 637 ipse,
1054 549 1126 637 quid
1149 517 1268 633 laceret,
1290 556 1427 623 haereret.

358 659 471 726 Gloriae
484 657 535 724 illa
548 659 691 743 particula
711 679 777 743 quae
789 661 872 726 omni
887 660 1027 726 humanm
1047 663 1142 728 menti
1155 663 1233 728 inest
1247 665 1363 730 lancem
1377 659 1434 739 ‹te-

358 768 478 852 primit:

484 955 547 1015 Age,
558 955 591 1003 mi
603 954 723 1011 Achilles,
736 953 779 1003 flat
790 954 857 1018 qued
869 961 892 1004 te
903 967 946 1004 orn
959 969 1047 1004 :serve
1056 955 1122 1004 illam
1132 956 1257 1018 pulchram
1269 957 1383 1020 pulchre3

485 1033 606 1096 Exprcme
618 1032 749 1095 benignum
764 1047 793 1082 ex
807 1041 830 1082 te
842 1033 979 1095 ingenium,
989 1033 1119 1096 nrhicnpe‚
1130 1034 1226 1084 ehcisor
1236 1049 1319 1098 regum
1330 1038 1350 1083 ¹.

357 1197 461 1278 ltaqiie
482 1194 546 1279 ipse
559 1193 714 1260 Palestcic
734 1194 820 1259 illam
833 1194 1041 1262 excellentiam
1055 1193 1170 1278 ingenii
1184 1195 1310 1274 facetum
1323 1215 1432 1282 quum-

357 1322 418 1388 que
429 1298 607 1369 architectus
619 1312 755 1369 vocatur:

486 1521 540 1536 ......
552 1487 605 1538 Non
615 1502 670 1538 sum
680 1487 767 1550 dignus
779 1500 831 1550 prae
846 1495 881 1547 te,
894 1494 921 1536 ut
935 1487 1006 1550 ligem
1016 1475 1098 1550 palum
1109 1488 1135 1536 in
1148 1485 1295 1551 parietem¹,

356 1649 465 1734 inquit.
483 1651 550 1716 Non
571 1661 672 1718 eutem
683 1649 881 1738 Milphidippa
894 1660 1024 1731 tantum,
1036 1651 1215 1718 Pardaliscae
1225 1651 1330 1730 instar,
1340 1668 1430 1738 quam

358 1751 435 1822 inira
447 1757 631 1837 videbimus,
646 1768 680 1825 nt
692 1759 761 1845 jure
777 1749 973 1827 ulciscentem
986 1758 1122 1844 adjuvet.
1139 1759 1224 1826 doles
1238 1769 1360 1840 tractet,
1375 1779 1431 1826 nec

358 1865 465 1932 astutia
477 1875 611 1947 tantum,
623 1876 655 1932 at
672 1866 941 1953 qucquclellendi,
955 1874 987 1932 et
1008 1867 1088 1935 mele
1107 1867 1235 1933 laciendi
1255 1865 1370 1944 studio,
1383 1851 1432 1932 cui

358 1974 510 2060 indulget,
537 1975 676 2061 quodque
686 1975 841 2061 expletum
856 1974 1006 2061 precipua
1023 1985 1069 2041 est
1084 1975 1224 2042 maleficii
1246 1995 1372 2044 merces.
1393 1977 1433 2041 Ut

357 2082 445 2161 hem,
458 2083 678 2150 adolescentule
689 2093 746 2149 cst.
761 2085 873 2150 Verum
885 2083 909 2148 si
923 2091 1012 2149 etate
1024 2083 1220 2169 precesserit,
1234 2103 1295 2154 non
1306 2083 1432 2150 mimtus

357 2211 409 2257 ero
420 2191 500 2277 quod
514 2192 658 2278 Astaphio
672 2201 723 2256 eut
735 2191 861 2276 Scephae
870 2191 1025 2257 simillima
1037 2191 1153 2257 evellat.

401 2300 548 2380 Quaedam
559 2300 708 2386 imagines
717 2300 822 2365 leviori
834 2299 912 2366 linea
924 2300 1077 2398 productae
1087 2311 1158 2366 sunt
1169 2320 1186 2366 a
1198 2310 1296 2385 poete,
1308 2300 1357 2366 cui
1370 2319 1431 2365 non

356 2410 454 2476 etium.
467 2419 513 2476 est
530 2411 563 2474 in
579 2409 745 2478 minorihus
759 2409 895 2496 persenis
911 2409 1024 2475 diutius
1037 2409 1255 2475 commorandi.
1274 2408 1430 2496 Ejusmodi

250 2550 254 2563 ·
355 2530 402 2587 est
415 2519 538 2599 ancilla,
550 2519 688 2606 placendi
705 2519 827 2606 cupide,
846 2540 914 2605 que
930 2518 962 2585 ln
977 2520 1105 2586 Pnenulc
1126 2518 1207 2585 herae
1230 2538 1292 2585 succ
1307 2517 1430 2585 mundi-

355 2629 430 2696 tiem
441 2639 537 2695 tentat
549 2630 742 2715 equiparare,
764 2648 890 2715 queque
903 2630 977 2694 adeo
990 2628 1138 2696 comicum
1149 2627 1181 2692 in
1194 2628 1318 2693 modum
1330 2627 1430 2712 signi-

356 2737 440 2819 llcat,
453 2750 544 2824 quam
557 2753 638 2823 aegte
648 2738 724 2803 ferat
735 2737 886 2804 infelicem
897 2736 1012 2803 exitum
1027 2735 1210 2803 certaminis.

483 2924 561 2983 Tum,
573 2924 614 2987 pel
620 2958 629 2983 ‚
641 2938 686 2987 ege
696 2930 719 2973 ct
732 2925 813 2973 oleum
824 2930 848 2972 ct
857 2923 992 2985 impensam
1004 2920 1098 2984 perdidi
1108 2918 1129 2967 ³.

356 3082 512 3173 Ejusmodi
522 3082 630 3150 ancilla
644 3094 689 3149 est
700 3082 815 3164 Erotii,
831 3102 898 3170 quee
909 3084 941 3150 in
953 3082 1158 3173 hlenaeehmis,
1168 3084 1338 3168 elegantem
1350 3082 1432 3149 hence

356 3194 511 3260 avaritiam
535 3192 673 3271 imitata,
706 3191 928 3259 Menaechmum
944 3191 1090 3257 Sosiclem
1115 3190 1228 3257 denum
1248 3191 1431 3277 jampridem

357 3302 538 3390 premissum
549 3314 612 3370 tam
625 3300 723 3390 lepide
735 3311 821 3387 rog-nt
834 3303 860 3365 ⁴.

403 3416 471 3481 Non
482 3424 585 3479 tamen
598 3414 677 3500 apud
697 3430 802 3479 omnes
818 3420 913 3477 astute
927 3418 1031 3476 natum
1043 3410 1207 3498 plurimum
1231 3412 1320 3476 velet.
1339 3411 1431 3488 Qum-

358 3522 428 3589 dam
452 3521 485 3586 in
514 3532 665 3609 torperem
695 3521 894 3607 inertiamque
918 3519 1079 3599 recidunt,
1114 3519 1224 3605 quibus
1250 3518 1328 3583 nihil
1351 3517 1431 3583 inter

358 3630 514 3696 hominem
539 3630 709 3716 animalque
731 3630 872 3703 interest,
897 3625 1055 3712 omnisque
1074 3626 1203 3693 ccelesiis
1225 3626 1357 3691 tiammae
1386 3624 1432 3689 vis

358 3740 569 3826 exstinguitur.
586 3741 693 3827 Specta
707 3740 781 3807 dues
799 3738 922 3805 ancillas
933 3735 1113 3803 cruciatibus
1129 3736 1249 3802 allectas
1263 3737 1295 3801 in
1319 3736 1432 3800 Tmen⁴

358 3851 454 3928 lente,
468 3849 542 3916 duas
555 3848 622 3916 illes
630 3866 795 3937 perversas,
810 3845 966 3913 celuheinc
978 3843 1128 3930 ingenic⁸‚
1141 3858 1268 3941 quarum
1279 3862 1349 3909 vern
1360 3860 1431 3929 pm-

356 3958 443 4039 vites,
456 3968 489 4025 ut
501 3959 543 4025 ita
555 3959 664 4040 dicem,
678 3980 740 4025 non
749 3966 886 4025 movetur
895 3964 1001 4041 sponte
1009 3964 1074 4020 sua.
1089 3956 1201 4021 Parent
1215 3953 1297 4020 enim
1307 3974 1315 4033 ;
1326 3950 1432 4019 matris

356 4067 515 4134 Phrenesii
523 4068 610 4155 jussu
621 4086 844 4154 quoqueversus
855 4070 1033 4129 concursant
1047 4084 1055 4125 z

388 4287 398 4321 ¹
412 4285 468 4337 Mil.
483 4286 551 4338 Glor.
560 4287 604 4347 tv,
616 4291 641 4346 2,
654 4290 696 4335 ct.
708 4285 771 4336 Cum
781 4285 851 4335 lihris
861 4284 941 4334 scrihc
951 4284 1054 4347 pulchre
1066 4290 1090 4331 et
1106 4287 1170 4332 te.-
1181 4281 1240 4331 lid.
1255 4281 1291 4329 id.
1301 4279 1345 4341 tv,
1355 4284 1385 4340 l,
1396 4284 1424 4329 l.

386 4367 506 4417 ³Poenul.
522 4368 584 4429 l‚s,
598 4370 653 4418 tte.
668 4394 698 4403 -
710 4366 722 4401 ⁴
734 4365 876 4415 Meneclem.
889 4363 935 4422 tlt,
946 4366 1063 4424 3,l'l·h³.
1077 4389 1108 4400 -
1121 4362 1132 4397 ⁵
1145 4361 1243 4410 Tmeul.
1255 4361 1298 4421 lv,
1312 4365 1344 4422 3,
1354 4365 1378 4409 c.
