3250 5050
788 380 969 442 ...48-

388 513 486 594 Lena,
499 515 606 581 ancilla
617 515 815 600 Cappadocis,
828 537 896 602 quae
909 526 1008 602 partes
1018 517 1081 601 agit
1094 516 1126 581 in
1150 517 1344 596 Curculione,
1357 538 1420 582 uno

343 622 405 690 vini
428 624 576 691 desiderio
602 607 741 704 tenetur3
770 624 874 691 vinum
896 646 991 692 unum
1024 626 1156 712 appetit,
1183 626 1234 691 sed
1270 625 1420 691 indomito

340 736 487 822 impulsu,
502 736 541 801 ob
562 753 652 820 quern
672 735 773 799 omnia
791 733 923 820 pericula
937 733 1076 819 negligit.
1099 735 1217 800 Invenit
1239 734 1273 799 in
1295 737 1418 819 crapula

341 843 526 911 oblivionem
537 842 626 908 sortis
635 861 709 908 suae.
723 843 801 909 Sunt
815 842 907 909 iidem
919 841 1003 907 omni
1015 851 1150 927 tempore
1163 827 1276 907 servitii
1286 841 1414 923 lruotus,

341 960 374 1018 et
384 953 435 1018 illa
447 954 560 1030 vetula,
578 951 626 1018 cui
642 952 747 1017 vinum
762 953 876 1018 factum
890 961 938 1019 est
953 936 1040 1038 quasi
1050 952 1125 1017 deus
1140 972 1235 1030 unus,
1250 972 1318 1038 spes
1334 973 1416 1030 una,

343 1080 445 1126 nonne
458 1069 577 1126 revocat
586 1060 620 1125 in
632 1069 766 1127 mentem
779 1060 922 1127 miseram
932 1060 1082 1125 aniculam
1093 1059 1243 1125 recentius
1254 1058 1288 1124 in
1299 1056 1367 1125 ficta
1378 1060 1418 1126 de

345 1169 437 1234 servis
458 1167 650 1234 narratione¹
677 1168 840 1253 depictam,
859 1187 928 1253 quae
952 1185 1071 1252 semper
1093 1165 1191 1246 ebria,
1210 1165 1279 1231 licet
1298 1187 1418 1253 semper

344 1277 482 1361 vapulet,
502 1276 566 1362 ipsa
589 1295 675 1342 suam
698 1275 840 1361 peccandi
853 1274 1059 1361 pervicaciam
1084 1273 1261 1360 profitetur,
1287 1295 1416 1361 quaeque

343 1384 533 1452 bibaculaest
543 1385 612 1450 vitae
625 1384 768 1471 periculo.

388 1496 432 1559 Ex
442 1495 523 1580 turpi
532 1512 683 1580 pravoque
694 1494 814 1560 servitio
826 1495 921 1560 oritur
929 1493 1079 1580 precipue
1090 1492 1259 1558 istiusmodi
1271 1513 1415 1560 sensuum

343 1601 505 1687 corruptio.
520 1603 735 1667 Verumtamen
752 1601 908 1667 servitium
924 1597 1040 1686 ipsum,
1053 1609 1175 1686 propter
1190 1621 1257 1680 eas,
1271 1620 1347 1686 quas
1361 1605 1416 1668 ad-

341 1708 424 1775 ducit
435 1728 548 1794 secum,
563 1689 728 1788 aerumnas,
744 1708 958 1795 abjectionem,
977 1707 1200 1794 depressionem
1218 1708 1327 1786 animi,
1342 1709 1413 1794 qui·
1453 1750 1460 1762 „

339 1837 470 1903 cumque
479 1817 518 1882 sit
528 1815 832 1896 herus,vinolentiam
845 1815 933 1900 parit.
951 1818 1054 1895 Quum
1068 1816 1184 1880 Stalino
1199 1817 1412 1896 Pardaliscam,

335 1925 480 1992 simulate
489 1934 613 2004 motam,
627 1933 832 1990 accurrentem
842 1924 881 1989 ad
892 1943 924 1990 se
935 1923 1088 2008 prospicit,
1102 1924 1234 2009 primurn
1244 1926 1414 2010 suspicatur

339 2053 407 2101 eam
419 2034 533 2102 ebriam
541 2053 608 2100 esse
621 2055 628 2095 ;

445 2194 447 2199 ’
464 2207 548 2256 Timeo
562 2205 586 2254 id
599 2205 737 2267 negotium,
753 2197 873 2266 quidest,
887 2204 934 2252 nisi
947 2204 1000 2254 haec
1011 2204 1115 2253 meraclo

465 2286 501 2362 Se
508 2286 603 2350 uspiam
612 2287 730 2349 percussit
739 2285 800 2335 llore
812 2285 906 2348 Libyco
918 2288 938 2333 ἱ.

382 2433 516 2520 Optimis
536 2433 627 2500 etiam
648 2436 764 2501 ancillis
791 2435 915 2500 nomina
939 2444 1009 2499 sunt
1028 2434 1172 2513 infausta,
1187 2454 1254 2519 quae
1276 2443 1412 2519 spectant

337 2543 377 2608 ad
390 2542 421 2608 id
433 2542 513 2627 quod
523 2542 635 2609 vinosae
647 2546 800 2611 suntNon
812 2542 921 2609 Bacchi
936 2561 1060 2608 munera
1074 2552 1154 2608 certe
1169 2543 1239 2608 odio
1253 2553 1323 2608 sunt
1340 2542 1411 2607 Sta-

338 2650 449 2737 phylae,
463 2652 733 2736 translatorumque
746 2651 916 2728 verborum,
929 2670 996 2735 quae
1014 2659 1149 2735 usurpat,
1162 2650 1292 2717 delectu,
1310 2669 1411 2717 mores

336 2780 407 2825 suos
418 2759 559 2824 declarat.
577 2756 693 2825 Bihacis
707 2757 842 2825 mulieris
855 2758 887 2823 in
901 2758 1035 2824 animum
1046 2758 1139 2836 venit,
1153 2758 1276 2823 ntalem
1287 2774 1410 2823 cnoro-

337 2892 404 2937 rem
423 2872 554 2937 mistum
575 2868 675 2935 bibere
687 2870 699 2905 ⁸
712 2869 794 2948 Quin
807 2868 942 2954 queritur
955 2867 1033 2933 infra
1046 2870 1150 2932 temeti
1170 2868 1252 2933 nihil
1261 2868 1408 2933 adlatum

324 2970 403 3045 -e'ese
415 2980 440 3043 ⁸.
459 2976 681 3064 Sophoclidisca
696 2978 795 3062 palam
809 2975 881 3041 lacit
892 2994 983 3061 quam
997 2975 1036 3041 sit
1047 2976 1085 3041 ad
1096 2976 1262 3062 potandum
1272 2996 1381 3063 prona:

400 3184 456 3199 ......
463 3148 606 3213 Quanquam
619 3162 663 3211 ego
675 3148 759 3196 vinum
773 3146 847 3205 bibo,
860 3154 885 3195 at
894 3145 1007 3195 mandata
1015 3160 1066 3195 non
1074 3148 1190 3197 consuevi
1202 3148 1275 3198 simul
1284 3148 1367 3198 bibere

461 3230 538 3283 Una⁵·
885 3243 891 3253 '

380 3380 643 3463 Quemadmodum
660 3389 691 3446 et
705 3378 871 3445 servientes
887 3378 1107 3444 honestioribus
1128 3377 1249 3443 leminis
1269 3378 1408 3462 quedam

336 3490 407 3556 vitia
421 3498 549 3574 tangunt
569 3508 625 3555 nec
648 3496 765 3553 tantum
789 3483 851 3551 vini
872 3484 981 3571 cupido
1004 3483 1126 3574 (videas
1148 3487 1230 3551 enim
1249 3486 1406 3571 Stephanii

333 3594 571 3687 bacchationem)
586 3596 611 3675 ⁶,
626 3595 667 3662 ita
691 3594 844 3662 nonnullis
865 3614 903 3659 ex
918 3592 1095 3659 meretriciis
1113 3592 1230 3659 ancillis
1245 3584 1408 3678 supersunt

335 3706 481 3796 probandi
496 3725 611 3771 sensus.

382 3813 625 3903 Sophoclidisoae‚
638 3822 763 3899 quaeest
785 3812 818 3879 in
836 3811 1022 3891 Persa,licet
1044 3809 1211 3895 turpissimi
1234 3808 1351 3874 lenonis
1374 3808 1407 3873 in

335 3927 424 3992 domo
445 3924 625 4001 famuletur,
650 3922 769 4007 animus
791 3918 1032 3987 benevolentiam
1058 3917 1156 3983 adhuc
1180 3918 1269 4003 capit.
1301 3915 1409 4001 Diligit

334 4035 439 4101 heram
451 4034 498 4100 cui
513 4052 577 4099 sors
587 4050 657 4098 eam
665 4030 730 4115 jam
744 4028 882 4114 quintum
895 4047 1007 4093 annum
1018 4025 1148 4091 addixit:

365 4236 375 4271 ¹
391 4235 427 4285 La
442 4234 503 4286 Ceae
513 4236 542 4284 de
552 4233 638 4283 l'oncle
656 4232 724 4281 Tem.
736 4258 767 4269 -
777 4230 790 4265 ⁹
801 4230 889 4280 Corin.
900 4230 973 4289 lll,5
989 4234 1027 4279 lb.
1041 4230 1094 4265 -3
1106 4228 1332 4288 Aulul.ll,3,12.

365 4319 427 4368 ⁴ld.
440 4318 474 4375 ll,
489 4322 503 4366 5
517 4321 582 4366 o-
597 4310 1076 4375 ⁵Perso,ll,1,3.-⁰Stichus‚ll,
1091 4315 1191 4361 sc.3et
1203 4323 1257 4373 sqq.
