3250 5050
810 415 965 477 ..2-

345 571 457 622 trusam
479 554 625 632 serutari,
653 561 806 630 excutere,
829 561 918 636 atque
940 551 971 614 in
989 552 1089 616 lucem
1112 569 1260 636 promere.
1288 550 1329 616 Ea
1352 568 1422 634 pars

344 689 403 733 non
416 665 540 731 minima
553 671 598 728 331
611 661 708 727 laudis
720 671 875 748 poetarum
896 658 1188 740 illustrissimorum,
1211 660 1243 724 in
1268 679 1365 754 eaque
1387 679 1421 756 re

340 763 522 861 quicumque
544 772 658 859 poesim
685 771 850 856 attigerunt
867 789 932 836 sese
952 789 1122 836 exercuere.
1141 772 1195 836 1113
1213 768 1306 854 igitur
1332 768 1418 852 quasi

340 885 466 951 coticula
491 893 636 958 utamur,
661 900 720 966 quo
743 879 833 946 altius
846 897 938 963 quam
959 878 1075 943 varium
1087 897 1238 963 quamque
1255 877 1418 942 fecundum

341 993 432 1059 fuerit
445 991 602 1077 ingenium
614 989 714 1055 Plauti
728 987 954 1074 perspiciamus.

388 1107 476 1169 Nunc
500 1121 569 1166 vero
594 1101 631 1165 de
653 1097 788 1185 opusculi
813 1097 939 1182 hujusce
962 1095 1157 1182 dispositione
1182 1095 1343 1160 dicendum
1372 1104 1418 1158 est

342 1210 465 1295 aliquid.
497 1209 529 1274 Si
550 1208 667 1274 fabulas
694 1206 829 1290 singulas
849 1203 1050 1289 inspicerem,
1080 1223 1097 1267 a
1121 1223 1180 1286 qua
1205 1194 1333 1268 lacerem
1357 1202 1418 1266 ini-

341 1317 444 1383 tium‘?
468 1317 551 1382 Ordo
568 1317 657 1400 vulgo
675 1313 803 1379 usitatus
827 1333 881 1397 pro
903 1312 1018 1378 ratione
1039 1319 1158 1375 tantum
1182 1310 1288 1395 primm
1310 1310 1418 1376 litterae

340 1424 498 1492 titulorum
519 1423 640 1490 habitus
666 1431 725 1500 est,
752 1441 851 1506 neque
872 1420 958 1486 facile
978 1420 1138 1509 quisquam
1161 1419 1255 1483 alium
1279 1419 1417 1483 ordinem

341 1535 536 1620 excogitaret,
569 1553 629 1618 quo
646 1531 807 1598 comoedias
836 1550 941 1595 omnes
968 1529 1172 1613 disponeret¹.
1201 1528 1304 1593 Placet
1325 1521 1413 1612 ergo,

343 1645 510 1710 fabularum
522 1641 657 1707 omnium
676 1658 821 1724 compage
839 1638 1002 1717 dissoluta,
1030 1655 1180 1722 quamque
1198 1637 1334 1702 mulieris
1354 1637 1416 1703 for·

342 1770 423 1818 mam
443 1771 497 1836 pro
520 1749 689 1816 conditione
711 1747 815 1814 suain
835 1749 945 1820 classes
960 1747 1115 1830 redigere,
1141 1765 1208 1830 quae
1222 1755 1354 1812 ceterum
1378 1747 1416 1811 ad

341 1882 449 1947 paucas
463 1859 576 1945 species
590 1859 744 1938 redibunt,
766 1867 971 1923 matronarum
993 1855 1120 1935 scilicet,
1140 1856 1308 1938 puellarum
1328 1855 1417 1940 inge-

341 1975 483 2049 nuarum,
510 1966 701 2033 meretricum
722 1976 752 2031 31
778 1966 966 2030 ancillarum.
986 1964 1059 2030 lnde
1078 1964 1151 2050 quid
1176 1984 1231 2028 nos
1250 1965 1355 2029 doceat
1378 1965 1417 2028 de

341 2076 516 2142 mulieribus
529 2075 625 2141 aetatis
641 2095 703 2140 suae
714 2076 851 2154 Plautus,
871 2091 1022 2158 quamque
1034 2082 1128 2137 artem
1138 2072 1169 2137 in
1183 2073 1318 2156 personis
1327 2072 1416 2139 effin-

342 2187 446 2270 gendis
461 2183 648 2263 adhibuerit,
676 2182 941 2254 considerabimus.

668 2638 693 2686 1.
726 2648 770 2662 -’
797 2639 846 2687 DE
874 2636 1081 2691 MATRONIS.

384 2820 465 2883 Inter
496 2825 608 2881 celeras
630 2835 771 2899 personas
797 2815 944 2896 comicas,
970 2836 1038 2902 quae
1065 2818 1148 2881 omni
1177 2826 1312 2902 tempore
1337 2827 1410 2883 actm

241 2954 243 2959 s
337 2935 408 2991 sunt
420 2926 453 2991 in
465 2923 579 3005 scenis,
604 2944 728 3010 magnas
749 2935 848 3011 partes
862 2946 937 2991 uxor
948 2926 1048 2992 habet.
1077 2926 1302 2992 Matrimonium
1315 2947 1412 3010 usque

337 3032 490 3099 comordiae
521 3032 677 3098 materiam
702 3032 886 3098 uberrimam
911 3034 1050 3117 prebuit.
1084 3035 1275 3119 Quicumque
1300 3034 1412 3100 luerint

337 3162 435 3207 mores
456 3141 606 3207 variarum
618 3140 769 3225 gentium,
784 3141 909 3207 diversis
921 3142 1082 3220 aetatibus,
1102 3142 1226 3207 societas
1251 3142 1301 3208 illa
1313 3142 1370 3207 riri
1381 3152 1412 3208 31

339 3252 474 3317 mulieris
493 3300 500 3327 ‚
532 3268 639 3335 parunt
657 3249 735 3314 inter
758 3269 790 3315 se
809 3259 971 3329 notorum,
998 3270 1077 3335 saepe
1097 3250 1235 3315 utilitatis
1253 3259 1408 3335 respectu,
1453 3274 1456 3281 ·

339 3370 390 3423 aut
409 3358 482 3423 alias
495 3360 533 3424 ob
550 3379 674 3437 causas,
698 3378 766 3442 quae
791 3359 829 3423 ad
849 3368 990 3423 mutuum
1011 3376 1144 3423 amorem
1169 3379 1229 3423 non
1241 3361 1409 3443 pertinent,

338 3464 501 3549 capessita,
530 3466 735 3530 contentiones
756 3467 853 3551 parit,
880 3476 1000 3553 propter
1017 3487 1092 3551 quas
1109 3466 1229 3551 ingenia
1250 3466 1411 3531 mediocria

337 3573 420 3639 brevi
432 3573 464 3635 in
477 3571 637 3637 ridiculum
647 3573 797 3653 decidunt,
805 3574 931 3658 ideoque
940 3574 1094 3639 comoediae
1102 3575 1174 3639 dant
1185 3594 1284 3638 ansas.
1300 3574 1412 3639 Praeci-

338 3700 397 3763 pue
425 3678 603 3749 mulieribus
627 3678 829 3765 objiciuntur,
855 3682 934 3747 inter
964 3682 1021 3745 alia
1043 3680 1125 3761 vitia,
1143 3691 1281 3766 sumptus
1299 3680 1409 3757 effusi,

338 3790 495 3875 cultusque
515 3786 609 3853 nimia
630 3808 719 3867 cura,
746 3789 923 3873 garrulitas,
944 3789 1116 3875 jurgiorum
1130 3790 1253 3877 cupido,
1267 3788 1412 3875 suspicio

339 3918 392 3963 nes
406 3898 544 3963 assiduae.

371 4116 380 4149 ¹
395 4116 455 4163 Vide
466 4114 653 4177 disputationem
667 4114 790 4162 Ritsclrelii
802 4115 832 4164 de
842 4116 927 4167 ordine
935 4120 1108 4167 comoediarum
1118 4118 1300 4179 Plautiuarum,
1313 4120 1409 4184 Parcrg.

339 4196 359 4252 l,
375 4198 419 4242 3111
433 4201 456 4242 31
467 4195 560 4255 Proleg.
575 4193 782 4243 adTrinummum
796 4195 897 4245 XXXIX
910 4204 934 4246 et
946 4198 1097 4247 XL.Certum
1114 4206 1150 4248 331
1162 4214 1192 4249 ex
1204 4200 1257 4261 ipso
1270 4199 1348 4248 Plauti
1360 4207 1409 4249 tes·

340 4274 439 4323 timonio
452 4272 578 4334 Epidicum
591 4273 749 4323 Bacchidibus
761 4274 836 4324 luisse
847 4283 917 4325 aetate
929 4279 1047 4339 priorem,
1060 4280 1148 4329 Bacch.
1161 4280 1194 4339 ll,
1207 4286 1237 4341 θ,
1250 4280 1409 4344 311013113-

340 4368 386 4415 que
398 4353 584 4415 disputationem
598 4352 708 4410 Naudeti,
718 4352 826 4402 Journal
840 4354 879 4403 des
891 4355 1007 4415 Saecula,
1019 4359 1084 4422 juin,
1096 4360 1266 4422 jainamma.
1284 4402 1286 4406 .
1312 4399 1323 4420 ,.
1427 4374 1437 4394 ·
