3250 5050
694 393 854 454 -9-

240 542 333 598 tatem
346 531 507 598 debuisset.
532 531 641 594 Filiam
661 529 809 615 Philippa
827 529 941 595 bellum
962 529 1092 608 ademit,
1115 539 1145 593 et
1173 529 1315 596 victorem

239 639 403 706 exercitum
412 638 521 704 mulier
534 639 745 724 subsequitur,
768 647 802 702 ut
816 637 899 702 illam
921 638 1028 703 saltem
1045 639 1139 722 possit
1151 638 1249 705 adbuc
1261 639 1317 704 ha-

239 749 311 814 bere
329 757 398 812 ante
417 748 528 812 oculos.
547 746 610 811 Scit
627 745 689 811 tilio
705 744 884 831 Periphanis
905 765 973 812 eam
995 766 1060 812 esse
1080 747 1292 813 venumdatam
1309 800 1334 826 ‚.

240 857 365 943 ejusque
385 856 508 921 domum
529 855 615 940 petit.
633 854 778 921 Mirabilis
791 864 837 919 est
848 853 930 920 illius
943 855 1084 920 introitus
1097 854 1127 920 in
1140 874 1260 922 scenam
1273 878 1280 918 :

304 1039 329 1089 Si
341 1039 400 1102 quid
413 1039 506 1089 bomini
516 1039 685 1099 miseriarum,
696 1038 762 1102 quod
775 1039 914 1088 miserescat
923 1039 1011 1099 misere
1024 1052 1053 1087 ex
1066 1038 1162 1098 animo,
1172 1046 1223 1097 est,

303 1119 331 1168 Id
344 1134 387 1182 ego
400 1121 526 1183 experior,
543 1119 600 1183 quoi
614 1120 690 1168 multa
700 1121 725 1170 in
739 1133 817 1168 unum
829 1120 910 1170 locum
927 1119 1068 1177 confluunt,
1082 1132 1136 1181 quoe
1146 1132 1228 1169 meum

303 1199 389 1248 Pectus
401 1198 498 1262 pulsant
508 1200 581 1249 simul
595 1214 603 1247 τ
617 1198 744 1261 multiplex
755 1213 866 1248 aerumna
878 1213 916 1248 me
931 1199 1060 1247 exercitam
1072 1198 1168 1247 babet-t
1183 1206 1322 1261 paupertas,

303 1281 380 1330 Pavor
391 1281 484 1329 territat
496 1289 600 1333 ruentem
613 1281 702 1340 animi,
713 1293 791 1342 noque
800 1280 842 1328 ubi
857 1293 924 1329 meas
933 1279 1057 1328 conlocem
1066 1293 1135 1341 spes,

304 1360 386 1410 Habeo
396 1375 499 1424 usquam
512 1361 634 1410 munitum
647 1359 729 1410 locum
736 1377 743 1421 3
758 1361 791 1407 ita
802 1366 874 1422 gnata
884 1373 939 1408 mea
951 1359 1091 1408 bostium'st
1105 1359 1184 1422 potita
1198 1375 1205 1407 ε

304 1439 402 1502 Neque,
416 1454 444 1489 ea
456 1455 521 1490 nunc
534 1441 577 1490 ubi
590 1441 635 1499 sit,
650 1440 730 1489 nescio
743 1440 763 1487 ¹.

241 1601 280 1666 tt
298 1603 430 1687 primum
450 1603 526 1668 forte
545 1603 673 1668 occurrit
693 1602 721 1668 ei
737 1621 934 1688 compressor.
951 1601 1084 1668 Invicem
1096 1621 1128 1667 se
1142 1613 1323 1687 agnoscunt,

240 1721 271 1776 et
284 1712 362 1778 inter
373 1733 405 1778 se
418 1712 526 1778 astutia
536 1721 662 1777 utuntur
673 1764 681 1791 ‚
693 1713 745 1778 sed
758 1711 842 1778 brevi
856 1711 890 1776 fn
903 1710 1045 1796 utrinque
1056 1711 1197 1798 impetus.
1214 1717 1325 1780 Recor-

239 1819 320 1886 datio
342 1821 483 1887 transacti
505 1817 649 1908 temporis
662 1815 820 1901 subvenit,
846 1841 902 1886 nec
922 1820 1031 1886 desunt
1044 1819 1320 1905 exprobrationes:

617 2005 677 2053 Hem
691 2005 753 2053 istuc
764 2005 853 2052 rectius

304 2075 480 2134 Meministini.
491 2120 496 2132 .
506 2120 512 2132 .
523 2119 528 2131 .
546 2108 575 2120 -
589 2084 687 2137 Memini
697 2083 731 2132 id.
742 2108 773 2122 ··-
790 2083 818 2131 In
828 2083 968 2145 Epidauro?
980 2111 1011 2119 -
1021 2084 1060 2133 Ab
1069 2083 1076 2130 l
1086 2085 1179 2147 guttula

306 2165 392 2214 Pectus
405 2165 491 2213 ardens
507 2162 567 2213 mibi
577 2161 726 2225 adspersisti.
737 2190 768 2198 -
781 2161 876 2225 Virgini
885 2163 1039 2225 paupercula

306 2245 414 2308 Tuaeque
426 2243 509 2298 matri.
525 2256 563 2290 me
576 2242 655 2290 levare
665 2241 850 2304 paupertatem?
863 2270 893 2277 —
906 2241 991 2290 Tun’is
1005 2255 1030 2290 es

306 2324 351 2383 Qui
364 2338 407 2387 per
421 2324 569 2385 voluptatem
584 2329 650 2370 tuam
663 2321 689 2369 in
699 2334 737 2370 me
747 2334 883 2370 aerumnam
899 2321 1012 2370 obsevisti
1025 2323 1159 2382 gravem?

243 2487 318 2568 Quis
331 2507 392 2552 non
409 2485 624 2552 animadvertat
639 2503 730 2571 quam
748 2483 911 2550 vehemens
924 2483 1037 2550 crimen
1056 2484 1086 2548 in
1104 2482 1160 2549 bac
1179 2504 1250 2550 voce
1266 2507 1326 2571 per

244 2596 435 2683 uoluptatem
462 2604 551 2659 tuom
574 2594 681 2659 insit‘l
712 2596 779 2659 Non
805 2603 906 2658 autem
932 2582 1063 2680 miseriis
1091 2593 1233 2659 obduruit
1260 2596 1326 2659 aui-

244 2724 323 2769 mus.
345 2704 377 2769 Si
400 2703 490 2768 luerit
506 2703 666 2768 acerbitate
687 2701 780 2766 mixta
806 2700 903 2785 prima
925 2699 1119 2781 affabulatio,
1133 2703 1326 2769 mormulie-

243 2814 306 2881 bris
327 2824 540 2898 maternusque
561 2831 666 2876 sensus
683 2810 858 2895 superabit,
884 2828 983 2893 neque
996 2808 1161 2894 quidquam
1180 2812 1325 2875 acriorem

244 2924 466 2989 adnotationem
495 2921 690 3004 animumque
718 2918 842 2983 allectus
867 2916 1052 3001 capaciorem
1081 2919 1204 3003 arguit,
1233 2939 1324 3005 quam

249 3030 314 3097 baec
336 3032 447 3097 rerba:

317 3253 388 3265 .....
393 3215 396 3219 ’
405 3215 475 3265 Salva
490 3230 557 3275 surn,
572 3220 629 3279 quia
640 3226 663 3267 te
676 3232 727 3267 esse
738 3219 832 3266 salvum
846 3218 933 3265 sentio.

353 3296 417 3345 Ceio
431 3310 539 3345 manum.
555 3324 585 3331 -
600 3297 691 3359 Adcipc
704 3312 711 3344 ε
724 3310 887 3345 aerumnosam
901 3304 926 3343 ct
938 3296 1089 3343 miseriarum
1100 3302 1235 3357 compotem

311 3375 434 3425 Mulierem
448 3376 535 3424 retines
549 3377 569 3424 3.

250 3545 327 3608 Tum
347 3541 384 3607 de
404 3540 465 3606 filia
487 3540 643 3625 loquitur:

314 3727 398 3776 Filiam
413 3741 485 3789 quarn
498 3741 526 3775 er
539 3734 563 3775 te
576 3727 669 3789 suscepi
677 3762 746 3774 .....
761 3755 790 3761 ν
802 3727 865 3786 Quid
876 3728 945 3776 eam?
958 3755 988 3761 —
999 3727 1116 3776 Eductam
1129 3728 1231 3792 perdidi.

315 3808 425 3856 Hostium
437 3814 472 3856 est
482 3807 557 3869 potita
568 3806 589 3855 ⁴.

250 3971 338 4036 Illam
357 3970 398 4035 ait
419 3992 435 4035 a
457 3991 489 4035 se
503 3981 652 4058 repertam
670 3991 735 4037 esse
754 3971 939 4057 Periphanes
951 3982 982 4037 et
993 3982 1090 4037 mater
1100 3970 1237 4035 animum
1249 3970 1326 4035 reci·

253 4080 308 4166 pit.
334 4082 374 4147 dt
393 4082 424 4146 in
440 4100 531 4166 quarn
552 4082 642 4147 breve
662 4079 804 4169 tempus!
827 4084 957 4149 Vocatur
979 4079 1132 4158 Fidicina,
1154 4089 1187 4144 et
1200 4077 1326 4145 miratur

287 4320 295 4353 ¹
311 4318 409 4379 Epirlic.
421 4317 463 4376 iv,
479 4320 507 4373 1,
522 4320 543 4365 1.
557 4314 605 4351 —2
620 4317 656 4367 id.
666 4317 702 4365 id.
715 4318 750 4365 td.
765 4321 804 4367 26.
818 4345 847 4351 —
859 4316 870 4349 ³
883 4316 920 4364 id.
933 4316 968 4363 id.
980 4317 1016 4364 t‘d.
1027 4318 1067 4363 31.
1077 4316 1125 4351 -1
1137 4314 1173 4363 ld.
1188 4314 1224 4362 id.
1235 4315 1272 4362 id.
1284 4319 1326 4364 31.
