<?xml version="1.0" encoding="UTF-8"?>
<!DOCTYPE html PUBLIC "-//W3C//DTD XHTML 1.0 Transitional//EN"
    "http://www.w3.org/TR/xhtml1/DTD/xhtml1-transitional.dtd">
<html xmlns="http://www.w3.org/1999/xhtml" xml:lang="en" lang="en">
 <head>
  <title>
</title>
<meta http-equiv="Content-Type" content="text/html;charset=utf-8" />
  <meta name='ocr-system' content='tesseract 3.04.00' />
  <meta name='ocr-capabilities' content='ocr_page ocr_carea ocr_par ocr_line ocrx_word'/>
</head>
<body>
  <div class='ocr_page' id='page_1' title='image "./depersonismulie00benogoog_0052.png"; bbox 0 0 3250 5050; ppageno 0'>
   <div class='ocr_carea' id='block_1_1' title="bbox 765 415 946 478">
    <p class='ocr_par' dir='ltr' id='par_1_1' title="bbox 765 415 946 478">
     <span class='ocr_line' id='line_1_1' title="bbox 765 415 946 478; baseline 0 -16"><span class='ocrx_word' id='word_1_1' title='bbox 765 415 946 478; x_wconf 70' lang='lat'>..38-</span> 
     </span>
    </p>
   </div>
   <div class='ocr_carea' id='block_1_2' title="bbox 315 551 1404 2604">
    <p class='ocr_par' dir='ltr' id='par_1_2' title="bbox 315 551 1399 1838">
     <span class='ocr_line' id='line_1_2' title="bbox 315 551 1390 641; baseline -0.005 -20"><span class='ocrx_word' id='word_1_2' title='bbox 315 557 379 641; x_wconf 86' lang='lat' dir='ltr'>jam</span> <span class='ocrx_word' id='word_1_3' title='bbox 394 554 473 640; x_wconf 90' lang='lat' dir='ltr'>apud</span> <span class='ocrx_word' id='word_1_4' title='bbox 485 555 625 619; x_wconf 86' lang='lat' dir='ltr'>Plautum</span> <span class='ocrx_word' id='word_1_5' title='bbox 637 554 839 620; x_wconf 84' lang='lat' dir='ltr'><strong>lustravimus.</strong></span> <span class='ocrx_word' id='word_1_6' title='bbox 852 555 892 619; x_wconf 80' lang='lat' dir='ltr'>At</span> <span class='ocrx_word' id='word_1_7' title='bbox 902 562 982 637; x_wconf 80' lang='lat' dir='ltr'>saepe</span> <span class='ocrx_word' id='word_1_8' title='bbox 1002 554 1124 621; x_wconf 87' lang='lat' dir='ltr'>consilia</span> <span class='ocrx_word' id='word_1_9' title='bbox 1136 553 1346 620; x_wconf 90' lang='lat' dir='ltr'>honestissima</span> <span class='ocrx_word' id='word_1_10' title='bbox 1359 551 1390 616; x_wconf 93' lang='lat' dir='ltr'>in</span> 
     </span>
     <span class='ocr_line' id='line_1_3' title="bbox 319 662 1391 747; baseline 0.001 -21"><span class='ocrx_word' id='word_1_11' title='bbox 319 681 428 730; x_wconf 85' lang='lat' dir='ltr'>vanum</span> <span class='ocrx_word' id='word_1_12' title='bbox 440 662 586 727; x_wconf 87' lang='lat' dir='ltr'>recidunt.</span> <span class='ocrx_word' id='word_1_13' title='bbox 601 662 664 728; x_wconf 90' lang='lat' dir='ltr'>Nisi</span> <span class='ocrx_word' id='word_1_14' title='bbox 678 662 779 729; x_wconf 79' lang='lat' dir='ltr'>libera</span> <span class='ocrx_word' id='word_1_15' title='bbox 792 663 1251 747; x_wconf 78' lang='lat' dir='ltr'>agnoscerenturPoenulae,quis</span> <span class='ocrx_word' id='word_1_16' title='bbox 1260 662 1391 727; x_wconf 87' lang='lat' dir='ltr'>affirma-</span> 
     </span>
     <span class='ocr_line' id='line_1_4' title="bbox 320 771 1391 858; baseline -0.001 -20"><span class='ocrx_word' id='word_1_17' title='bbox 320 781 366 838; x_wconf 88' lang='lat' dir='ltr'>ret</span> <span class='ocrx_word' id='word_1_18' title='bbox 385 771 503 837; x_wconf 86' lang='lat' dir='ltr'>fortuna</span> <span class='ocrx_word' id='word_1_19' title='bbox 518 791 578 837; x_wconf 93' lang='lat' dir='ltr'>non</span> <span class='ocrx_word' id='word_1_20' title='bbox 592 791 729 836; x_wconf 88' lang='lat' dir='ltr'>eversum</span> <span class='ocrx_word' id='word_1_21' title='bbox 750 772 787 837; x_wconf 90' lang='lat' dir='ltr'>iri</span> <span class='ocrx_word' id='word_1_22' title='bbox 810 774 931 838; x_wconf 88' lang='lat' dir='ltr'>illarum</span> <span class='ocrx_word' id='word_1_23' title='bbox 952 774 1149 858; x_wconf 88' lang='lat' dir='ltr'>propositum,</span> <span class='ocrx_word' id='word_1_24' title='bbox 1164 793 1219 838; x_wconf 90' lang='lat' dir='ltr'>nec</span> <span class='ocrx_word' id='word_1_25' title='bbox 1233 781 1391 837; x_wconf 87' lang='lat' dir='ltr'>venturum</span> 
     </span>
     <span class='ocr_line' id='line_1_5' title="bbox 321 873 1393 965; baseline -0.002 -19"><span class='ocrx_word' id='word_1_26' title='bbox 321 899 386 948; x_wconf 90' lang='lat' dir='ltr'>esse</span> <span class='ocrx_word' id='word_1_27' title='bbox 397 879 495 948; x_wconf 91' lang='lat' dir='ltr'>lerum</span> <span class='ocrx_word' id='word_1_28' title='bbox 508 878 638 964; x_wconf 81' lang='lat' dir='ltr'>aliquem</span> <span class='ocrx_word' id='word_1_29' title='bbox 653 888 828 959; x_wconf 83' lang='lat' dir='ltr'><strong>amatorem,</strong></span> <span class='ocrx_word' id='word_1_30' title='bbox 841 903 858 944; x_wconf 93' lang='grc'>3</span> <span class='ocrx_word' id='word_1_31' title='bbox 872 900 932 965; x_wconf 92' lang='lat' dir='ltr'>quo</span> <span class='ocrx_word' id='word_1_32' title='bbox 944 890 975 946; x_wconf 89' lang='lat' dir='ltr'>et</span> <span class='ocrx_word' id='word_1_33' title='bbox 988 873 1090 946; x_wconf 88' lang='lat' dir='ltr'>invitae</span> <span class='ocrx_word' id='word_1_34' title='bbox 1103 880 1393 965; x_wconf 70' lang='lat' dir='ltr'>corrumperentur?</span> 
     </span>
     <span class='ocr_line' id='line_1_6' title="bbox 320 987 1394 1073; baseline -0.003 -19"><span class='ocrx_word' id='word_1_35' title='bbox 320 987 512 1054; x_wconf 84' lang='lat' dir='ltr'>Paucissimae</span> <span class='ocrx_word' id='word_1_36' title='bbox 524 1007 561 1052; x_wconf 85' lang='lat' dir='ltr'>ex</span> <span class='ocrx_word' id='word_1_37' title='bbox 581 987 638 1054; x_wconf 90' lang='lat' dir='ltr'>isto</span> <span class='ocrx_word' id='word_1_38' title='bbox 652 987 757 1053; x_wconf 86' lang='lat' dir='ltr'>ordine</span> <span class='ocrx_word' id='word_1_39' title='bbox 780 989 834 1053; x_wconf 90' lang='lat' dir='ltr'>tali</span> <span class='ocrx_word' id='word_1_40' title='bbox 847 989 978 1073; x_wconf 90' lang='lat' dir='ltr'>periculo</span> <span class='ocrx_word' id='word_1_41' title='bbox 992 990 1186 1055; x_wconf 88' lang='lat' dir='ltr'>obsistebant.</span> <span class='ocrx_word' id='word_1_42' title='bbox 1211 988 1333 1054; x_wconf 86' lang='lat' dir='ltr'>Comico</span> <span class='ocrx_word' id='word_1_43' title='bbox 1345 1008 1394 1052; x_wconf 90' lang='grc'>33-</span> 
     </span>
     <span class='ocr_line' id='line_1_7' title="bbox 321 1095 1395 1182; baseline 0 -23"><span class='ocrx_word' id='word_1_44' title='bbox 321 1095 412 1162; x_wconf 85' lang='lat' dir='ltr'>tificio</span> <span class='ocrx_word' id='word_1_45' title='bbox 425 1115 484 1180; x_wconf 89' lang='lat' dir='ltr'>quo</span> <span class='ocrx_word' id='word_1_46' title='bbox 509 1116 588 1182; x_wconf 88' lang='lat' dir='ltr'>saepe</span> <span class='ocrx_word' id='word_1_47' title='bbox 601 1115 672 1161; x_wconf 89' lang='lat' dir='ltr'>usus</span> <span class='ocrx_word' id='word_1_48' title='bbox 692 1105 748 1175; x_wconf 90' lang='lat' dir='ltr'>est,</span> <span class='ocrx_word' id='word_1_49' title='bbox 770 1096 952 1180; x_wconf 81' lang='lat' dir='ltr'>Adelphasio</span> <span class='ocrx_word' id='word_1_50' title='bbox 964 1097 1088 1162; x_wconf 89' lang='lat' dir='ltr'>Plautus</span> <span class='ocrx_word' id='word_1_51' title='bbox 1109 1095 1247 1182; x_wconf 90' lang='lat' dir='ltr'>opposuit</span> <span class='ocrx_word' id='word_1_52' title='bbox 1266 1098 1395 1161; x_wconf 86' lang='lat' dir='ltr'>Antera-</span> 
     </span>
     <span class='ocr_line' id='line_1_8' title="bbox 322 1203 1394 1296; baseline 0 -28"><span class='ocrx_word' id='word_1_53' title='bbox 322 1203 433 1269; x_wconf 88' lang='lat' dir='ltr'>stilem.</span> <span class='ocrx_word' id='word_1_54' title='bbox 450 1206 521 1270; x_wconf 86' lang='lat' dir='ltr'>Haec</span> <span class='ocrx_word' id='word_1_55' title='bbox 534 1205 635 1270; x_wconf 92' lang='lat' dir='ltr'>minus</span> <span class='ocrx_word' id='word_1_56' title='bbox 647 1214 692 1270; x_wconf 94' lang='lat' dir='ltr'>est</span> <span class='ocrx_word' id='word_1_57' title='bbox 705 1205 836 1289; x_wconf 91' lang='lat' dir='ltr'>prudens</span> <span class='ocrx_word' id='word_1_58' title='bbox 850 1223 940 1296; x_wconf 88' lang='lat' dir='ltr'>quam</span> <span class='ocrx_word' id='word_1_59' title='bbox 964 1225 1069 1284; x_wconf 91' lang='lat' dir='ltr'>soror;</span> <span class='ocrx_word' id='word_1_60' title='bbox 1093 1205 1227 1271; x_wconf 84' lang='lat' dir='ltr'>indolem</span> <span class='ocrx_word' id='word_1_61' title='bbox 1247 1204 1394 1270; x_wconf 87' lang='lat' dir='ltr'>leviorem</span> 
     </span>
     <span class='ocr_line' id='line_1_9' title="bbox 323 1313 1393 1400; baseline -0.001 -21"><span class='ocrx_word' id='word_1_62' title='bbox 323 1335 384 1400; x_wconf 86' lang='lat' dir='ltr'>prae</span> <span class='ocrx_word' id='word_1_63' title='bbox 397 1335 428 1380; x_wconf 91' lang='lat' dir='ltr'>se</span> <span class='ocrx_word' id='word_1_64' title='bbox 442 1316 512 1394; x_wconf 89' lang='lat' dir='ltr'>lert;</span> <span class='ocrx_word' id='word_1_65' title='bbox 527 1325 667 1399; x_wconf 85' lang='lat' dir='ltr'>properat</span> <span class='ocrx_word' id='word_1_66' title='bbox 691 1315 728 1381; x_wconf 89' lang='lat' dir='ltr'>ad</span> <span class='ocrx_word' id='word_1_67' title='bbox 749 1315 874 1381; x_wconf 85' lang='lat' dir='ltr'>Veneris</span> <span class='ocrx_word' id='word_1_68' title='bbox 886 1316 996 1395; x_wconf 82' lang='lat' dir='ltr'>aedem3</span> <span class='ocrx_word' id='word_1_69' title='bbox 1022 1324 1161 1380; x_wconf 89' lang='lat' dir='ltr'>ornatum</span> <span class='ocrx_word' id='word_1_70' title='bbox 1180 1313 1393 1400; x_wconf 83' lang='lat' dir='ltr'>simpliciorem</span> 
     </span>
     <span class='ocr_line' id='line_1_10' title="bbox 323 1424 1396 1511; baseline 0 -22"><span class='ocrx_word' id='word_1_71' title='bbox 323 1443 389 1490; x_wconf 86' lang='lat' dir='ltr'>esse</span> <span class='ocrx_word' id='word_1_72' title='bbox 400 1424 545 1510; x_wconf 86' lang='lat' dir='ltr'>queritur.</span> <span class='ocrx_word' id='word_1_73' title='bbox 554 1426 634 1490; x_wconf 89' lang='lat' dir='ltr'>Dum</span> <span class='ocrx_word' id='word_1_74' title='bbox 647 1425 736 1494; x_wconf 80' lang='lat' dir='ltr'>redit.</span> <span class='ocrx_word' id='word_1_75' title='bbox 752 1425 795 1490; x_wconf 91' lang='lat' dir='ltr'>nil</span> <span class='ocrx_word' id='word_1_76' title='bbox 815 1435 916 1511; x_wconf 89' lang='lat' dir='ltr'>crepat</span> <span class='ocrx_word' id='word_1_77' title='bbox 927 1425 985 1490; x_wconf 92' lang='lat' dir='ltr'>nisi</span> <span class='ocrx_word' id='word_1_78' title='bbox 999 1425 1274 1497; x_wconf 85' lang='lat' dir='ltr'>festivenustatem,</span> <span class='ocrx_word' id='word_1_79' title='bbox 1290 1442 1396 1507; x_wconf 79' lang='lat' dir='ltr'>quam</span> 
     </span>
     <span class='ocr_line' id='line_1_11' title="bbox 324 1531 1398 1618; baseline -0.002 -20"><span class='ocrx_word' id='word_1_80' title='bbox 324 1551 381 1616; x_wconf 86' lang='lat' dir='ltr'>que</span> <span class='ocrx_word' id='word_1_81' title='bbox 406 1533 530 1618; x_wconf 82' lang='lat' dir='ltr'>pulchra</span> <span class='ocrx_word' id='word_1_82' title='bbox 555 1533 618 1617; x_wconf 92' lang='lat' dir='ltr'>ipsa</span> <span class='ocrx_word' id='word_1_83' title='bbox 631 1533 695 1598; x_wconf 86' lang='lat' dir='ltr'>visa</span> <span class='ocrx_word' id='word_1_84' title='bbox 709 1533 809 1600; x_wconf 86' lang='grc'>133313,</span> <span class='ocrx_word' id='word_1_85' title='bbox 826 1533 979 1613; x_wconf 85' lang='lat' dir='ltr'>Profecto,</span> <span class='ocrx_word' id='word_1_86' title='bbox 996 1534 1055 1599; x_wconf 91' lang='lat' dir='ltr'>nisi</span> <span class='ocrx_word' id='word_1_87' title='bbox 1077 1531 1157 1599; x_wconf 80' lang='lat' dir='ltr'>felici</span> <span class='ocrx_word' id='word_1_88' title='bbox 1170 1532 1289 1597; x_wconf 80' lang='lat' dir='ltr'>fortuna</span> <span class='ocrx_word' id='word_1_89' title='bbox 1301 1533 1398 1597; x_wconf 74' lang='lat' dir='ltr'>ambae</span> 
     </span>
     <span class='ocr_line' id='line_1_12' title="bbox 324 1618 1399 1797; baseline -0.002 -90"><span class='ocrx_word' id='word_1_90' title='bbox 324 1662 441 1707; x_wconf 89' lang='lat' dir='ltr'>sorores</span> <span class='ocrx_word' id='word_1_91' title='bbox 453 1643 574 1740; x_wconf 87' lang='lat' dir='ltr'>servitio</span> <span class='ocrx_word' id='word_1_92' title='bbox 596 1640 745 1728; x_wconf 87' lang='lat' dir='ltr'>eriperent</span> <span class='ocrx_word' id='word_1_93' title='bbox 746 1663 803 1723; x_wconf 90' lang='lat' dir='ltr'>ur,</span> <span class='ocrx_word' id='word_1_94' title='bbox 823 1643 1036 1709; x_wconf 80' lang='lat' dir='ltr'>Anterastilem</span> <span class='ocrx_word' id='word_1_95' title='bbox 1050 1618 1270 1797; x_wconf 57' lang='lat' dir='ltr'>sublabtentem</span> <span class='ocrx_word' id='word_1_96' title='bbox 1282 1640 1399 1708; x_wconf 90' lang='lat' dir='ltr'>videre-</span> 
     </span>
     <span class='ocr_line' id='line_1_13' title="bbox 326 1737 1027 1838; baseline -0.001 -21"><span class='ocrx_word' id='word_1_97' title='bbox 326 1737 592 1838; x_wconf 88' lang='lat' dir='ltr'>mus,utprimum</span> <span class='ocrx_word' id='word_1_98' title='bbox 606 1762 710 1818; x_wconf 88' lang='grc'>333333</span> <span class='ocrx_word' id='word_1_99' title='bbox 726 1771 869 1837; x_wconf 83' lang='lat' dir='ltr'>germana</span> <span class='ocrx_word' id='word_1_100' title='bbox 883 1752 1027 1838; x_wconf 88' lang='lat' dir='ltr'>sejuncta.</span> 
     </span>
    </p>

    <p class='ocr_par' dir='ltr' id='par_1_3' title="bbox 327 1830 1401 2146">
     <span class='ocr_line' id='line_1_14' title="bbox 369 1830 1401 1948; baseline -0.004 -22"><span class='ocrx_word' id='word_1_101' title='bbox 369 1861 415 1926; x_wconf 79' lang='lat' dir='ltr'>Ab</span> <span class='ocrx_word' id='word_1_102' title='bbox 428 1860 488 1926; x_wconf 91' lang='lat' dir='ltr'>illis</span> <span class='ocrx_word' id='word_1_103' title='bbox 502 1880 623 1926; x_wconf 90' lang='lat' dir='ltr'>secerno</span> <span class='ocrx_word' id='word_1_104' title='bbox 635 1869 696 1927; x_wconf 90' lang='lat' dir='ltr'>tres</span> <span class='ocrx_word' id='word_1_105' title='bbox 711 1860 852 1927; x_wconf 86' lang='lat' dir='ltr'>mulieres</span> <span class='ocrx_word' id='word_1_106' title='bbox 866 1861 1076 1948; x_wconf 82' lang='lat' dir='ltr'>tepidissimos,</span> <span class='ocrx_word' id='word_1_107' title='bbox 1089 1878 1182 1928; x_wconf 90' lang='lat' dir='ltr'>unam</span> <span class='ocrx_word' id='word_1_108' title='bbox 1193 1861 1224 1924; x_wconf 93' lang='lat' dir='ltr'>in</span> <span class='ocrx_word' id='word_1_109' title='bbox 1243 1830 1401 1924; x_wconf 89' lang='lat' dir='ltr'>Curculio-</span> 
     </span>
     <span class='ocr_line' id='line_1_15' title="bbox 327 1968 1401 2054; baseline -0.005 -20"><span class='ocrx_word' id='word_1_110' title='bbox 327 1989 365 2034; x_wconf 88' lang='lat' dir='ltr'>ne</span> <span class='ocrx_word' id='word_1_111' title='bbox 379 1977 580 2054; x_wconf 74' lang='lat' dir='ltr'>personatam,</span> <span class='ocrx_word' id='word_1_112' title='bbox 602 1968 703 2042; x_wconf 90' lang='lat' dir='ltr'>alias</span> <span class='ocrx_word' id='word_1_113' title='bbox 695 1989 727 2034; x_wconf 91' lang='lat' dir='ltr'>m</span> <span class='ocrx_word' id='word_1_114' title='bbox 739 1969 899 2048; x_wconf 87' lang='lat' dir='ltr'>Rudente</span> <span class='ocrx_word' id='word_1_115' title='bbox 926 1969 1118 2049; x_wconf 88' lang='lat' dir='ltr'>Planesium,</span> <span class='ocrx_word' id='word_1_116' title='bbox 1144 1968 1345 2052; x_wconf 86' lang='lat' dir='ltr'>Ampeliscam</span> <span class='ocrx_word' id='word_1_117' title='bbox 1371 1976 1401 2028; x_wconf 92' lang='lat' dir='ltr'>et</span> 
     </span>
     <span class='ocr_line' id='line_1_16' title="bbox 327 2080 512 2146; baseline -0.005 -1"><span class='ocrx_word' id='word_1_118' title='bbox 327 2080 512 2146; x_wconf 70' lang='lat' dir='ltr'>Palaestram.</span> 
     </span>
    </p>

    <p class='ocr_par' dir='ltr' id='par_1_4' title="bbox 330 2185 1404 2604">
     <span class='ocr_line' id='line_1_17' title="bbox 373 2185 1397 2268; baseline -0.008 -14"><span class='ocrx_word' id='word_1_119' title='bbox 373 2189 546 2254; x_wconf 91' lang='lat' dir='ltr'>Planesium</span> <span class='ocrx_word' id='word_1_120' title='bbox 558 2189 655 2254; x_wconf 89' lang='lat' dir='ltr'>adhuc</span> <span class='ocrx_word' id='word_1_121' title='bbox 669 2199 747 2255; x_wconf 89' lang='lat' dir='ltr'>casta</span> <span class='ocrx_word' id='word_1_122' title='bbox 760 2191 882 2268; x_wconf 85' lang='lat' dir='ltr'>mamit,</span> <span class='ocrx_word' id='word_1_123' title='bbox 895 2189 964 2256; x_wconf 87' lang='lat' dir='ltr'>licet</span> <span class='ocrx_word' id='word_1_124' title='bbox 986 2190 1080 2255; x_wconf 86' lang='lat' dir='ltr'>amori</span> <span class='ocrx_word' id='word_1_125' title='bbox 1101 2197 1195 2254; x_wconf 86' lang='lat' dir='ltr'>totam</span> <span class='ocrx_word' id='word_1_126' title='bbox 1215 2207 1248 2251; x_wconf 90' lang='lat' dir='ltr'>se</span> <span class='ocrx_word' id='word_1_127' title='bbox 1270 2185 1397 2253; x_wconf 90' lang='lat' dir='ltr'>dederit.</span> 
     </span>
     <span class='ocr_line' id='line_1_18' title="bbox 330 2291 1399 2385; baseline -0.006 -21"><span class='ocrx_word' id='word_1_128' title='bbox 330 2297 370 2364; x_wconf 90' lang='lat' dir='ltr'>Ut</span> <span class='ocrx_word' id='word_1_129' title='bbox 392 2306 497 2362; x_wconf 89' lang='lat' dir='ltr'>ceterae</span> <span class='ocrx_word' id='word_1_130' title='bbox 519 2295 690 2362; x_wconf 88' lang='lat' dir='ltr'>meretrices</span> <span class='ocrx_word' id='word_1_131' title='bbox 713 2296 856 2362; x_wconf 91' lang='lat' dir='ltr'>lenonum</span> <span class='ocrx_word' id='word_1_132' title='bbox 881 2317 985 2376; x_wconf 86' lang='lat' dir='ltr'>servae,</span> <span class='ocrx_word' id='word_1_133' title='bbox 998 2298 1036 2362; x_wconf 92' lang='lat' dir='ltr'>de</span> <span class='ocrx_word' id='word_1_134' title='bbox 1061 2291 1263 2385; x_wconf 68' lang='lat' dir='ltr'>quibuspnfra</span> <span class='ocrx_word' id='word_1_135' title='bbox 1278 2295 1399 2379; x_wconf 91' lang='lat' dir='ltr'>loquar,</span> 
     </span>
     <span class='ocr_line' id='line_1_19' title="bbox 330 2405 1404 2489; baseline -0.003 -20"><span class='ocrx_word' id='word_1_136' title='bbox 330 2407 384 2471; x_wconf 88' lang='lat' dir='ltr'>sub</span> <span class='ocrx_word' id='word_1_137' title='bbox 405 2405 464 2471; x_wconf 88' lang='lat' dir='ltr'>fine</span> <span class='ocrx_word' id='word_1_138' title='bbox 478 2405 596 2484; x_wconf 85' lang='lat' dir='ltr'>fabulae,</span> <span class='ocrx_word' id='word_1_139' title='bbox 611 2407 703 2472; x_wconf 91' lang='lat' dir='ltr'>libera</span> <span class='ocrx_word' id='word_1_140' title='bbox 726 2415 756 2470; x_wconf 90' lang='grc'>33</span> <span class='ocrx_word' id='word_1_141' title='bbox 779 2406 872 2472; x_wconf 92' lang='lat' dir='ltr'>nobili</span> <span class='ocrx_word' id='word_1_142' title='bbox 893 2407 1032 2470; x_wconf 91' lang='lat' dir='ltr'>locoorta</span> <span class='ocrx_word' id='word_1_143' title='bbox 1045 2405 1204 2472; x_wconf 88' lang='lat' dir='ltr'>videbitur</span> <span class='ocrx_word' id='word_1_144' title='bbox 1220 2407 1324 2489; x_wconf 92' lang='lat' dir='ltr'>ltaque</span> <span class='ocrx_word' id='word_1_145' title='bbox 1335 2421 1404 2486; x_wconf 91' lang='lat' dir='ltr'>spe-</span> 
     </span>
     <span class='ocr_line' id='line_1_20' title="bbox 331 2513 1123 2604; baseline 0 -27"><span class='ocrx_word' id='word_1_146' title='bbox 331 2513 406 2579; x_wconf 88' lang='lat' dir='ltr'>ciem</span> <span class='ocrx_word' id='word_1_147' title='bbox 420 2514 484 2601; x_wconf 84' lang='lat' dir='ltr'>ejus</span> <span class='ocrx_word' id='word_1_148' title='bbox 497 2523 543 2581; x_wconf 89' lang='lat' dir='ltr'>art</span> <span class='ocrx_word' id='word_1_149' title='bbox 531 2514 653 2585; x_wconf 90' lang='lat' dir='ltr'>temolli</span> <span class='ocrx_word' id='word_1_150' title='bbox 667 2523 697 2581; x_wconf 90' lang='lat' dir='ltr'>et</span> <span class='ocrx_word' id='word_1_151' title='bbox 685 2517 779 2583; x_wconf 90' lang='lat' dir='ltr'>tsubt</span> <span class='ocrx_word' id='word_1_152' title='bbox 781 2515 811 2591; x_wconf 91' lang='lat' dir='ltr'>ili</span> <span class='ocrx_word' id='word_1_153' title='bbox 826 2524 896 2604; x_wconf 87' lang='lat' dir='ltr'>poet</span> <span class='ocrx_word' id='word_1_154' title='bbox 897 2536 913 2580; x_wconf 94' lang='lat' dir='ltr'>a</span> <span class='ocrx_word' id='word_1_155' title='bbox 883 2514 1123 2581; x_wconf 82' lang='lat' dir='ltr'>tadumbrarit:</span> 
     </span>
    </p>
   </div>
   <div class='ocr_carea' id='block_1_3' title="bbox 457 2699 1105 2925">
    <p class='ocr_par' dir='ltr' id='par_1_5' title="bbox 457 2699 1105 2925">
     <span class='ocr_line' id='line_1_21' title="bbox 457 2699 1105 2765; baseline 0.002 -18"><span class='ocrx_word' id='word_1_156' title='bbox 457 2700 517 2749; x_wconf 87' lang='lat' dir='ltr'>Tam</span> <span class='ocrx_word' id='word_1_157' title='bbox 529 2714 543 2747; x_wconf 89' lang='lat' dir='ltr'>a</span> <span class='ocrx_word' id='word_1_158' title='bbox 556 2713 595 2749; x_wconf 88' lang='lat' dir='ltr'>me</span> <span class='ocrx_word' id='word_1_159' title='bbox 608 2699 735 2763; x_wconf 83' lang='lat' dir='ltr'>pudica-&#39;st</span> <span class='ocrx_word' id='word_1_160' title='bbox 741 2735 749 2760; x_wconf 89' lang='lat'>‚</span> <span class='ocrx_word' id='word_1_161' title='bbox 762 2716 836 2765; x_wconf 89' lang='lat' dir='ltr'>quam</span> <span class='ocrx_word' id='word_1_162' title='bbox 847 2701 867 2749; x_wconf 93' lang='lat' dir='ltr'>si</span> <span class='ocrx_word' id='word_1_163' title='bbox 878 2716 947 2751; x_wconf 90' lang='grc'>33333</span> <span class='ocrx_word' id='word_1_164' title='bbox 958 2702 992 2749; x_wconf 92' lang='lat' dir='ltr'>mi</span> <span class='ocrx_word' id='word_1_165' title='bbox 1002 2700 1048 2760; x_wconf 60' lang='lat' dir='ltr'>sita</span> <span class='ocrx_word' id='word_1_166' title='bbox 1059 2702 1105 2749; x_wconf 84' lang='lat' dir='ltr'>nisi</span> 
     </span>
     <span class='ocr_line' id='line_1_22' title="bbox 459 2780 974 2847; baseline 0.002 -18"><span class='ocrx_word' id='word_1_167' title='bbox 459 2780 483 2829; x_wconf 93' lang='lat' dir='ltr'>Si</span> <span class='ocrx_word' id='word_1_168' title='bbox 497 2789 532 2831; x_wconf 89' lang='grc'>333</span> <span class='ocrx_word' id='word_1_169' title='bbox 546 2782 677 2840; x_wconf 87' lang='lat' dir='ltr'>osculando</span> <span class='ocrx_word' id='word_1_170' title='bbox 690 2782 812 2847; x_wconf 84' lang='lat' dir='ltr'>quidpiam</span> <span class='ocrx_word' id='word_1_171' title='bbox 823 2784 974 2846; x_wconf 77' lang='lat' dir='ltr'>impudicius.</span> 
     </span>
     <span class='ocr_line' id='line_1_23' title="bbox 459 2862 694 2925; baseline 0 -15"><span class='ocrx_word' id='word_1_172' title='bbox 459 2862 490 2910; x_wconf 89' lang='lat' dir='ltr'>At</span> <span class='ocrx_word' id='word_1_173' title='bbox 502 2862 543 2911; x_wconf 89' lang='grc'>1113</span> <span class='ocrx_word' id='word_1_174' title='bbox 552 2870 588 2911; x_wconf 89' lang='grc'>333</span> <span class='ocrx_word' id='word_1_175' title='bbox 598 2862 694 2925; x_wconf 86' lang='lat' dir='ltr'>pudica.</span> 
     </span>
    </p>
   </div>
   <div class='ocr_carea' id='block_1_4' title="bbox 461 2942 1116 3085">
    <p class='ocr_par' dir='ltr' id='par_1_6' title="bbox 461 2942 1116 3085">
     <span class='ocr_line' id='line_1_24' title="bbox 677 2942 1013 3005; baseline -0.012 -12"><span class='ocrx_word' id='word_1_176' title='bbox 677 2942 708 2993; x_wconf 86' lang='lat' dir='ltr'>Ut</span> <span class='ocrx_word' id='word_1_177' title='bbox 720 2956 823 3005; x_wconf 81' lang='lat' dir='ltr'>quaeque</span> <span class='ocrx_word' id='word_1_178' title='bbox 832 2942 867 2991; x_wconf 90' lang='lat' dir='ltr'>illi</span> <span class='ocrx_word' id='word_1_179' title='bbox 877 2943 973 2992; x_wconf 78' lang='lat' dir='ltr'>obcusio</span> <span class='ocrx_word' id='word_1_180' title='bbox 983 2943 1013 2990; x_wconf 90' lang='lat' dir='ltr'>’st</span> 
     </span>
     <span class='ocr_line' id='line_1_25' title="bbox 461 3020 1116 3085; baseline -0.002 -16"><span class='ocrx_word' id='word_1_181' title='bbox 461 3020 590 3085; x_wconf 87' lang='lat' dir='ltr'>Subripera</span> <span class='ocrx_word' id='word_1_182' title='bbox 601 3036 626 3069; x_wconf 87' lang='grc'>33</span> <span class='ocrx_word' id='word_1_183' title='bbox 638 3021 668 3071; x_wconf 89' lang='lat' dir='ltr'>ad</span> <span class='ocrx_word' id='word_1_184' title='bbox 681 3035 733 3079; x_wconf 88' lang='lat' dir='ltr'>mc,</span> <span class='ocrx_word' id='word_1_185' title='bbox 747 3023 790 3071; x_wconf 92' lang='lat' dir='ltr'>ubi</span> <span class='ocrx_word' id='word_1_186' title='bbox 801 3023 895 3071; x_wconf 88' lang='lat' dir='ltr'>savium</span> <span class='ocrx_word' id='word_1_187' title='bbox 910 3022 1019 3085; x_wconf 75' lang='lat' dir='ltr'>pupugit,</span> <span class='ocrx_word' id='word_1_188' title='bbox 1030 3022 1116 3084; x_wconf 81' lang='lat' dir='ltr'>lugitl.</span> 
     </span>
    </p>
   </div>
   <div class='ocr_carea' id='block_1_5' title="bbox 336 3173 1158 3272">
    <p class='ocr_par' dir='ltr' id='par_1_7' title="bbox 336 3173 1158 3272">
     <span class='ocr_line' id='line_1_26' title="bbox 336 3173 1158 3272; baseline 0 -26"><span class='ocrx_word' id='word_1_189' title='bbox 336 3187 370 3257; x_wconf 82' lang='lat' dir='ltr'>ln</span> <span class='ocrx_word' id='word_1_190' title='bbox 382 3182 442 3249; x_wconf 90' lang='lat' dir='ltr'>illis</span> <span class='ocrx_word' id='word_1_191' title='bbox 452 3182 547 3262; x_wconf 85' lang='lat' dir='ltr'>ferme</span> <span class='ocrx_word' id='word_1_192' title='bbox 558 3183 689 3268; x_wconf 88' lang='lat' dir='ltr'>reperias</span> <span class='ocrx_word' id='word_1_193' title='bbox 701 3173 885 3260; x_wconf 88' lang='lat' dir='ltr'>celebratum</span> <span class='ocrx_word' id='word_1_194' title='bbox 896 3184 1014 3272; x_wconf 83' lang='lat' dir='ltr'>Virgilii</span> <span class='ocrx_word' id='word_1_195' title='bbox 1026 3202 1158 3249; x_wconf 86' lang='lat' dir='ltr'>carmen:</span> 
     </span>
    </p>
   </div>
   <div class='ocr_carea' id='block_1_6' title="bbox 341 3368 1231 3617">
    <p class='ocr_par' dir='ltr' id='par_1_8' title="bbox 341 3368 1231 3617">
     <span class='ocr_line' id='line_1_27' title="bbox 463 3368 1037 3432; baseline 0 -15"><span class='ocrx_word' id='word_1_196' title='bbox 463 3368 494 3417; x_wconf 87' lang='lat' dir='ltr'>Et</span> <span class='ocrx_word' id='word_1_197' title='bbox 506 3368 567 3431; x_wconf 79' lang='lat' dir='ltr'>fugit</span> <span class='ocrx_word' id='word_1_198' title='bbox 580 3369 609 3419; x_wconf 83' lang='lat' dir='ltr'>ad</span> <span class='ocrx_word' id='word_1_199' title='bbox 622 3370 719 3428; x_wconf 83' lang='lat' dir='ltr'>salices,</span> <span class='ocrx_word' id='word_1_200' title='bbox 732 3378 757 3419; x_wconf 89' lang='lat' dir='ltr'>at</span> <span class='ocrx_word' id='word_1_201' title='bbox 766 3384 791 3419; x_wconf 89' lang='lat' dir='ltr'>se</span> <span class='ocrx_word' id='word_1_202' title='bbox 805 3370 872 3432; x_wconf 86' lang='lat' dir='ltr'>cupit</span> <span class='ocrx_word' id='word_1_203' title='bbox 881 3376 937 3417; x_wconf 85' lang='lat' dir='ltr'>ante</span> <span class='ocrx_word' id='word_1_204' title='bbox 950 3368 1037 3424; x_wconf 60' lang='lat' dir='ltr'>videri,</span> 
     </span>
     <span class='ocr_line' id='line_1_28' title="bbox 341 3531 1231 3617; baseline -0.007 -18"><span class='ocrx_word' id='word_1_205' title='bbox 341 3534 416 3612; x_wconf 76' lang='lat' dir='ltr'>Audi</span> <span class='ocrx_word' id='word_1_206' title='bbox 428 3551 518 3617; x_wconf 89' lang='lat' dir='ltr'>quem</span> <span class='ocrx_word' id='word_1_207' title='bbox 530 3549 700 3597; x_wconf 88' lang='lat' dir='ltr'>sermonem</span> <span class='ocrx_word' id='word_1_208' title='bbox 713 3531 944 3597; x_wconf 78' lang='lat' dir='ltr'>adolescentula</span> <span class='ocrx_word' id='word_1_209' title='bbox 953 3538 1040 3615; x_wconf 86' lang='lat' dir='ltr'>poeta</span> <span class='ocrx_word' id='word_1_210' title='bbox 1052 3531 1231 3596; x_wconf 86' lang='lat' dir='ltr'>commodet:</span> 
     </span>
    </p>
   </div>
   <div class='ocr_carea' id='block_1_7' title="bbox 439 3699 1324 3861">
    <p class='ocr_par' dir='ltr' id='par_1_9' title="bbox 439 3699 1324 3861">
     <span class='ocr_line' id='line_1_29' title="bbox 468 3699 1324 3781; baseline -0.006 -14"><span class='ocrx_word' id='word_1_211' title='bbox 468 3717 554 3767; x_wconf 76' lang='lat' dir='ltr'>Anime</span> <span class='ocrx_word' id='word_1_212' title='bbox 566 3718 612 3776; x_wconf 89' lang='lat' dir='ltr'>mi,</span> <span class='ocrx_word' id='word_1_213' title='bbox 626 3718 712 3781; x_wconf 84' lang='lat' dir='ltr'>procul</span> <span class='ocrx_word' id='word_1_214' title='bbox 725 3724 846 3767; x_wconf 82' lang='lat' dir='ltr'>amantem</span> <span class='ocrx_word' id='word_1_215' title='bbox 855 3724 882 3766; x_wconf 80' lang='lat' dir='ltr'>te</span> <span class='ocrx_word' id='word_1_216' title='bbox 894 3716 979 3767; x_wconf 82' lang='lat' dir='ltr'>abesse</span> <span class='ocrx_word' id='word_1_217' title='bbox 987 3715 1053 3774; x_wconf 81' lang='lat' dir='ltr'>baud</span> <span class='ocrx_word' id='word_1_218' title='bbox 1066 3699 1255 3765; x_wconf 66' lang='lat' dir='ltr'>domeutaueum</span> <span class='ocrx_word' id='word_1_219' title='bbox 1265 3714 1295 3764; x_wconf 81' lang='lat' dir='ltr'>’st</span> <span class='ocrx_word' id='word_1_220' title='bbox 1303 3715 1324 3760; x_wconf 83' lang='lat'>¹.</span> 
     </span>
     <span class='ocr_line' id='line_1_30' title="bbox 439 3798 815 3861; baseline 0 -14"><span class='ocrx_word' id='word_1_221' title='bbox 439 3816 442 3825; x_wconf 91' lang='lat'>·</span> <span class='ocrx_word' id='word_1_222' title='bbox 467 3798 533 3847; x_wconf 82' lang='lat' dir='ltr'>&#39;lene</span> <span class='ocrx_word' id='word_1_223' title='bbox 546 3811 597 3858; x_wconf 86' lang='lat' dir='ltr'>me;</span> <span class='ocrx_word' id='word_1_224' title='bbox 611 3798 754 3861; x_wconf 81' lang='lat' dir='ltr'>amplectere</span> <span class='ocrx_word' id='word_1_225' title='bbox 763 3812 815 3853; x_wconf 67' lang='lat' dir='ltr'>mo,</span> 
     </span>
    </p>
   </div>
   <div class='ocr_carea' id='block_1_8' title="bbox 470 3877 1329 4025">
    <p class='ocr_par' dir='ltr' id='par_1_10' title="bbox 470 3877 1329 4025">
     <span class='ocr_line' id='line_1_31' title="bbox 792 3877 1194 3942; baseline -0.007 -14"><span class='ocrx_word' id='word_1_226' title='bbox 792 3880 922 3940; x_wconf 82' lang='lat' dir='ltr'>Prohibet,</span> <span class='ocrx_word' id='word_1_227' title='bbox 931 3894 980 3929; x_wconf 85' lang='lat' dir='ltr'>neo</span> <span class='ocrx_word' id='word_1_228' title='bbox 989 3878 1117 3942; x_wconf 87' lang='lat' dir='ltr'>probibere</span> <span class='ocrx_word' id='word_1_229' title='bbox 1128 3877 1194 3941; x_wconf 91' lang='lat' dir='ltr'>quit,</span> 
     </span>
     <span class='ocr_line' id='line_1_32' title="bbox 470 3958 1329 4025; baseline -0.006 -15"><span class='ocrx_word' id='word_1_230' title='bbox 470 3961 518 4011; x_wconf 87' lang='lat' dir='ltr'>Neo</span> <span class='ocrx_word' id='word_1_231' title='bbox 530 3958 682 4025; x_wconf 74' lang='lat' dir='ltr'>prohibebit,</span> <span class='ocrx_word' id='word_1_232' title='bbox 695 3961 743 4010; x_wconf 87' lang='lat' dir='ltr'>nisi</span> <span class='ocrx_word' id='word_1_233' title='bbox 756 3975 822 4011; x_wconf 88' lang='lat' dir='ltr'>mors</span> <span class='ocrx_word' id='word_1_234' title='bbox 832 3976 914 4011; x_wconf 86' lang='lat' dir='ltr'>meum</span> <span class='ocrx_word' id='word_1_235' title='bbox 924 3962 1032 4012; x_wconf 88' lang='lat' dir='ltr'>animum</span> <span class='ocrx_word' id='word_1_236' title='bbox 1045 3962 1089 4011; x_wconf 85' lang='lat' dir='ltr'>abs</span> <span class='ocrx_word' id='word_1_237' title='bbox 1098 3968 1122 4010; x_wconf 85' lang='lat' dir='ltr'>te</span> <span class='ocrx_word' id='word_1_238' title='bbox 1132 3959 1303 4009; x_wconf 80' lang='lat' dir='ltr'>abalienaverit</span> <span class='ocrx_word' id='word_1_239' title='bbox 1309 3960 1329 4005; x_wconf 60' lang='grc'>3.</span> 
     </span>
    </p>
   </div>
   <div class='ocr_carea' id='block_1_9' title="bbox 345 4122 1414 4211">
    <p class='ocr_par' dir='ltr' id='par_1_11' title="bbox 345 4122 1414 4211">
     <span class='ocr_line' id='line_1_33' title="bbox 345 4122 1414 4211; baseline -0.005 -20"><span class='ocrx_word' id='word_1_240' title='bbox 345 4125 459 4191; x_wconf 84' lang='lat' dir='ltr'>Omitto</span> <span class='ocrx_word' id='word_1_241' title='bbox 482 4125 651 4209; x_wconf 85' lang='lat' dir='ltr'>elegantem</span> <span class='ocrx_word' id='word_1_242' title='bbox 670 4144 789 4191; x_wconf 91' lang='lat' dir='ltr'>scenam</span> <span class='ocrx_word' id='word_1_243' title='bbox 803 4126 835 4190; x_wconf 91' lang='lat' dir='ltr'>in</span> <span class='ocrx_word' id='word_1_244' title='bbox 852 4145 909 4211; x_wconf 90' lang='lat' dir='ltr'>qua</span> <span class='ocrx_word' id='word_1_245' title='bbox 921 4126 955 4190; x_wconf 85' lang='lat' dir='ltr'>fit</span> <span class='ocrx_word' id='word_1_246' title='bbox 975 4125 1099 4211; x_wconf 80' lang='lat' dir='ltr'>agnitio,</span> <span class='ocrx_word' id='word_1_247' title='bbox 1112 4133 1143 4191; x_wconf 91' lang='lat' dir='ltr'>et</span> <span class='ocrx_word' id='word_1_248' title='bbox 1163 4122 1336 4194; x_wconf 87' lang='lat' dir='ltr'>Planesium</span> <span class='ocrx_word' id='word_1_249' title='bbox 1356 4142 1414 4187; x_wconf 92' lang='lat' dir='ltr'>nn-</span> 
     </span>
    </p>
   </div>
   <div class='ocr_carea' id='block_1_10' title="bbox 377 4358 1203 4425">
    <p class='ocr_par' dir='ltr' id='par_1_12' title="bbox 377 4358 1203 4425">
     <span class='ocr_line' id='line_1_34' title="bbox 377 4358 1203 4425; baseline -0.008 -15"><span class='ocrx_word' id='word_1_250' title='bbox 377 4359 498 4425; x_wconf 58' lang='grc'>11133331.</span> <span class='ocrx_word' id='word_1_251' title='bbox 510 4360 529 4419; x_wconf 90' lang='lat' dir='ltr'>l,</span> <span class='ocrx_word' id='word_1_252' title='bbox 543 4364 565 4418; x_wconf 90' lang='lat'>1,</span> <span class='ocrx_word' id='word_1_253' title='bbox 577 4364 658 4409; x_wconf 83' lang='grc'>51-30.</span> <span class='ocrx_word' id='word_1_254' title='bbox 672 4390 695 4397; x_wconf 91' lang='grc'>-</span> <span class='ocrx_word' id='word_1_255' title='bbox 712 4358 770 4409; x_wconf 68' lang='lat' dir='ltr'>affl,</span> <span class='ocrx_word' id='word_1_256' title='bbox 781 4360 801 4419; x_wconf 92' lang='lat' dir='ltr'>l,</span> <span class='ocrx_word' id='word_1_257' title='bbox 817 4362 876 4418; x_wconf 61' lang='grc'>311.</span> <span class='ocrx_word' id='word_1_258' title='bbox 889 4358 1018 4418; x_wconf 74' lang='grc'>-31331,</span> <span class='ocrx_word' id='word_1_259' title='bbox 1033 4364 1057 4419; x_wconf 84' lang='lat'>3,</span> <span class='ocrx_word' id='word_1_260' title='bbox 1073 4362 1103 4408; x_wconf 86' lang='lat' dir='ltr'>lb</span> <span class='ocrx_word' id='word_1_261' title='bbox 1117 4366 1139 4408; x_wconf 88' lang='lat' dir='ltr'>et</span> <span class='ocrx_word' id='word_1_262' title='bbox 1150 4372 1203 4421; x_wconf 88' lang='lat' dir='ltr'>sqq.</span> 
     </span>
    </p>
   </div>
   <div class='ocr_carea' id='block_1_11' title="bbox 0 0 1662 5050">
    <p class='ocr_par' dir='ltr' id='par_1_13' title="bbox 0 0 1662 5050">
     <span class='ocr_line' id='line_1_35' title="bbox 0 0 1662 5050; baseline 0 0"><span class='ocrx_word' id='word_1_263' title='bbox 0 0 1662 5050; x_wconf 95' lang='lat' dir='ltr'> </span> 
     </span>
    </p>
   </div>
  </div>
 </body>
</html>
