3250 5050
685 404 844 465 „5-

228 538 385 625 imperiosa
399 549 463 617 est,
487 541 611 624 querula
634 560 709 605 uxor
729 541 897 617 Damonis,
921 539 1052 604 Calliclis
1071 541 1300 624 diligentissima

227 649 270 713 rei
293 648 437 732 cujusque
460 648 641 733 exploratrix
656 672 662 727 ;
680 649 843 714 Cleostrata
876 659 973 714 astuta
992 660 1053 727 est,
1079 659 1109 714 et
1126 650 1301 735 jurantibus

227 757 358 835 aneilliS,
385 758 532 842 quidquid
558 759 681 823 suadeat
708 759 812 824 timida
837 758 1010 844 Myrrhina,
1028 779 1143 845 ,parere
1163 771 1246 825 sueta
1272 769 1302 823 et

226 864 345 931 divortii
357 875 505 943 metuens,
516 866 703 931 Stalinonem
714 866 789 930 lallit
799 875 830 930 et
844 875 940 931 vexat.
957 867 1109 932 Omnibus
1120 867 1217 932 modis
1227 886 1303 952 quo·

226 993 294 1038 rum
306 983 441 1058 potentes
453 985 522 1038 sunt
541 973 660 1038 leminae
673 1027 679 1053 ,
694 973 853 1062 sexcentis!
864 969 1049 1055 molestiis¹,'
1059 995 1126 1059 quae
1140 985 1240 1040 tamen
1257 974 1303 1038 di-

227 1082 313 1146 uortii
330 1082 463 1150 libellum
476 1104 534 1147 non
550 1082 689 1159 eliciant,
711 1083 886 1148 ulciscitur:

616 1269 666 1330 Ego
681 1267 748 1317 illum
764 1269 842 1327 lame,
856 1284 899 1333 ego
913 1271 982 1318 illum

414 1349 469 1408 Siti,
482 1349 627 1406 maledictu,
641 1347 789 1410 malefactis,
804 1357 936 1398 amatorem

413 1422 533 1488 Ulcisear3
547 1443 589 1490 ego
600 1466 606 1477 .
619 1430 673 1490 pol,
688 1428 756 1477 illum
770 1431 846 1491 probe
858 1429 1018 1479 incommodis

415 1508 489 1556 Dictis
499 1522 583 1567 angam
596 1508 618 1554 2.

228 1691 375 1753 Praeterea
399 1706 463 1752 rem
489 1708 610 1753 omnem
634 1688 736 1752 ricinis
755 1697 876 1767 narrat,
904 1698 938 1751 *et
959 1688 1045 1753 lacile
1067 1696 1112 1753 est
1133 1689 1303 1774 conjectura

226 1796 343 1880 assequi
365 1796 436 1880 quid
462 1816 603 1880 passurus
628 1796 667 1860 sit
691 1805 811 1881 propter
833 1795 1097 1879 lamigeratricium
1119 1797 1239 1862 illarum
1259 1797 1305 1862 lo-

225 1905 405 1990 quacitatem
418 1903 508 1968 miser
520 1904 646 1970 Stalino.

669 2123 739 2142 .....
761 2088 831 2136 Nune
847 2088 903 2137 lriuc

415 2173 478 2220 Meas
490 2171 600 2222 fortunas
613 2186 641 2220 eo
655 2179 767 2234 questum
782 2171 811 2220 ad
826 2172 916 2221 vicinas
928 2177 949 2219 ³.

227 2355 263 2417 Et
276 2355 365 2419 lidum
387 2363 484 2417 sumat
498 2377 505 2431 ;
523 2374 592 2418 nam
603 2355 744 2420 continuo
758 2354 920 2439 lllyrrlrinae
943 2355 1090 2432 occurrit,
1112 2375 1180 2438 quae
1194 2355 1303 2419 obdor-

227 2461 461 2546 1niseit‚quum
484 2447 545 2527 sola
568 2472 631 2541 est,
656 2463 891 2549 quaeque,dum
912 2462 1023 2547 linguae
1046 2461 1211 2546 indulgeat,
1227 2461 1305 2546 rigi·
1361 2483 1366 2494 ¹

228 2571 280 2633 lat.
311 2570 416 2655 Specta
443 2591 562 2655 quoque
584 2581 618 2636 ut
641 2573 783 2636 maritum
807 2572 926 2637 habeat.
952 2571 1106 2655 Quidquid
1131 2571 1222 2635 miser
1242 2569 1304 2654 agit

227 2689 386 2744 serutatur.
414 2680 524 2745 Omnia
540 2680 616 2746 liunt
639 2682 762 2747 materia
779 2681 1048 2746 controuersiarum
1071 2689 1100 2743 et
1110 2679 1301 2766 jurgiorum3

227 2796 257 2851 et
277 2787 382 2851 inlelix
405 2788 442 2851 ad
463 2789 493 2852 id
513 2788 630 2873 cogitur
652 2798 686 2852 ut
708 2790 827 2853 reniam
852 2797 973 2873 poseat,
997 2798 1026 2851 et
1048 2788 1111 2870 ipse
1139 2786 1224 2851 uxori
1249 2806 1303 2869 pro

225 2894 383 2960 clementia
409 2895 519 2979 gratias
538 2905 628 2979 agat:

291 3080 441 3163 Lepidiorem
453 3095 553 3147 uxorem
564 3096 634 3130 nemo
645 3083 773 3144 quisquam
780 3115 787 3139 ,
801 3094 874 3143 quam
886 3094 929 3142 ego
939 3080 1017 3129 habeo
1029 3079 1105 3136 hanc,
1118 3078 1190 3127 habet
1199 3071 1219 3123 l.

228 3277 294 3339 Non
320 3288 423 3337 omnes¹
449 3283 548 3338 tamen
577 3275 785 3339 auctoritatem
812 3274 974 3351 eamdem,
1002 3291 1094 3357 quam
1119 3273 1303 3347 Artemona,

226 3392 384 3460 exercent,
411 3392 463 3447 aut
487 3392 521 3447 ut
543 3384 706 3449 Cleostrata
737 3384 853 3449 callidae
875 3394 955 3449 sunt.
992 3382 1150 3468 Dorippa⁵‚
1167 3381 1302 3465 suspicax

226 3497 257 3553 et
275 3489 426 3575 jurgiosa,
441 3500 562 3574 propter
580 3490 723 3556 indicium
740 3492 784 3554 vel
804 3490 965 3555 minimum
985 3491 1093 3554 marito
1109 3510 1169 3554 non
1188 3489 1305 3555 obtem·
1383 3527 1387 3533 ·
1487 3565 1493 3579 ι

227 3598 343 3683 perat⁶,
371 3598 592 3671 contentionem
607 3609 720 3676 movet,
736 3608 765 3663 et
782 3600 861 3683 apud
874 3609 991 3683 patrem
1004 3598 1154 3683 queritur,
1178 3598 1216 3662 de
1236 3596 1305 3663 dote

228 3706 376 3791 imprimis
390 3707 498 3771 locuta.
525 3708 564 3771 At
583 3717 666 3792 pater
682 3728 742 3772 non
758 3727 854 3791 usque
872 3718 980 3792 praesto
997 3717 1093 3772 estut
1112 3706 1300 3772 interveniat.

259 3942 268 3974 ¹
286 3940 324 3989 Cl.
338 3941 390 3989 haec
402 3957 409 3988 z
423 3942 446 3990 Si
460 3955 502 3989 rus
516 3954 571 3988 cum
585 3949 665 3989 scorto
689 3941 815 3991 constituit
838 3943 888 4000 ire,
910 3941 984 3990 clavis
1001 3941 1066 3988 illico
1082 3937 1197 3988 abstrudi
1215 3938 1305 3999 jubeo:

227 4024 325 4071 rusticae
340 4024 402 4082 togai
415 4036 446 4069 ne
459 4022 490 4069 sit
500 4020 581 4081 copia.
602 4021 682 4079 Titio,
697 4025 738 4080 to,
751 4026 792 4081 tt,
806 4023 885 4083 Frup.
898 4022 983 4070 comio.
995 4020 1069 4068 latin.
1080 4019 1136 4068 Otto
1151 4018 1268 4066 Ribbeck.

259 4103 271 4137 2
288 4103 365 4151 Castu
378 4103 409 4158 ll,
425 4106 448 4161 t,
461 4106 485 4150 8.
500 4130 531 4137 -
542 4100 554 4133 ³
566 4104 603 4153 ld.
618 4100 650 4159 ll,
669 4106 746 4160 1,13.

261 4181 272 4215 ⁴
287 4182 374 4231 Casiri.
391 4182 421 4233 V.
433 4186 457 4239 l,
471 4186 510 4230 29,
526 4211 555 4219 -
567 4185 579 4217 ⁵
592 4182 724 4231 Mercator.

262 4260 404 4323 lllurippa,
417 4260 511 4309 rediens
528 4275 599 4320 rure,
618 4261 713 4311 familiae
730 4268 851 4324 gnatoque
864 4265 986 4321 precatur,
1003 4256 1082 4304 mariti
1100 4270 1188 4307 nomen
1206 4254 1305 4307 omittit,

231 4339 334 4389 Merui.
347 4341 389 4401 lV,
405 4340 485 4401 1,13,
500 4344 539 4398 tt,
553 4345 591 4390 15.
