3250 5050
692 425 874 497 425..

372 631 716 694 Diobolarois,schoenicolae,
731 635 870 692 miraculae,

372 715 431 764 Cum
447 714 539 763 extritis
548 711 615 771 talis,
632 711 791 761 cumcrotilis
803 713 934 769 crusculis,

372 794 463 857 (lapillo
477 794 554 842 scisso
568 800 592 843 et
604 792 742 842 exscissatis
753 792 856 841 auribus
865 792 885 838 ¹.

243 973 413 1040 subsidium
435 974 548 1040 habent
573 973 605 1038 in
625 972 766 1040 filiabus:

370 1176 457 1240 Repuli
469 1176 500 1225 ad
510 1177 673 1226 meretricium
689 1182 827 1238 quaestum,
842 1175 892 1224 uisi
900 1182 929 1224 ut
943 1188 974 1224 ne
986 1173 1103 1222 esurirem
1112 1173 1133 1218 ².

203 1382 205 1386 ·
230 1358 349 1425 ¹Videre
362 1369 408 1425 est
428 1359 460 1424 in
473 1357 609 1425 Asinaria
623 1369 653 1424 et
666 1359 852 1436 Cistellaria,
864 1367 898 1422 ut
911 1358 978 1422 illas
990 1357 1144 1433 erudiant,
1160 1354 1327 1440 quibusque

241 1469 428 1554 argumentis
441 1478 473 1534 ut
486 1468 553 1534 illas
565 1469 766 1554 persuadeant
777 1475 912 1534 utantur.

368 1671 483 1728 Ecastor,
495 1668 559 1718 haud
569 1682 608 1717 mc
621 1669 736 1732 poenitet,
746 1670 782 1727 si,
796 1676 824 1718 ut
836 1669 911 1728 dicis,
925 1671 1008 1719 lutura
1020 1683 1058 1729 es3

365 1751 426 1798 Nam
439 1748 566 1811 siquidem
581 1749 613 1797 ita
623 1749 684 1806 eris,
699 1756 726 1796 ut
737 1749 808 1807 volo,
818 1763 945 1812 nunquam
958 1748 1047 1798 Hecala
1059 1748 1104 1796 fies
1117 1763 1124 1794 :

368 1828 516 1892 Semperque
529 1827 616 1886 istam,
627 1843 700 1891 quam
712 1843 776 1877 nunc
790 1829 865 1878 babes
871 1863 880 1887 ,
891 1829 1015 1878 aetatulam
1028 1827 1168 1885 obtinebis,

367 1908 497 1971 Multisque
512 1907 617 1965 damno,
635 1908 728 1956 etmihi
739 1906 807 1956 lucro
820 1909 872 1957 siue
884 1923 938 1956 meo
953 1921 1018 1970 saepe
1030 1908 1078 1956 eris
1089 1913 1188 1967 sumptu
1198 1907 1218 1951 ³.

245 2111 261 2146 «
289 2087 512 2153 Stulte-ecastor
539 2113 554 2149 a
582 2089 667 2168 iecit,
687 2090 728 2154 ait
740 2067 839 2154 mater
852 2088 1021 2175 Gymnasii,
1034 2090 1160 2172 loquens
1172 2088 1210 2152 de
1223 2087 1324 2152 indul-

242 2199 344 2282 gentia
357 2219 447 2284 quam
462 2221 533 2286 erga
547 2201 695 2268 Silenium
708 2201 847 2267 adhibuit
858 2201 1004 2267 blelaenis.

287 2310 327 2372 At
337 2309 498 2375 mulierum
507 2309 593 2377 istius
603 2311 685 2376 nrodi
696 2311 916 2378 absolutissima
926 2319 970 2376 est
980 2311 1123 2377 Cleaereta
1132 2311 1164 2375 in
1171 2309 1320 2404 Asinaria.

243 2419 351 2482 Nonne
363 2419 451 2484 audet
462 2429 598 2486 materna
610 2421 786 2487 auctoritate
799 2419 883 2487 niti?

367 2623 472 2673 Hoccine
488 2630 524 2673 est
533 2624 648 2687 pietatem
662 2626 755 2683 colere,
765 2625 850 2674 matris
863 2625 992 2687 imperium
1007 2624 1153 2675 minueret?

239 2821 386 2886 Immanis
403 2831 448 2886 est
468 2822 587 2907 farrago
607 2821 657 2888 illa
679 2824 943 2908 objurgationum,
962 2824 1094 2908 turpium
1108 2820 1320 2902 consiliorum,

239 2932 452 3014 querelarum:
498 2934 501 2939 '
1191 2930 1194 2935 ’

852 3123 891 3171 An
904 3131 931 3173 tu
945 3126 989 3174 tibi

367 3200 448 3250 Verba
462 3200 551 3250 blanda
561 3216 613 3252 esse
626 3215 714 3251 aurum
727 3202 796 3252 rere?
814 3203 882 3252 Dicta
897 3203 968 3254 docta
981 3219 1026 3268 pro
1039 3204 1117 3253 datis?

259 3298 265 3307 ·
367 3280 436 3330 Ultro
450 3295 530 3340 arnas,
542 3283 607 3331 ultro
620 3284 751 3345 expetessis
757 3318 765 3342 ,
776 3284 842 3333 ultro
852 3284 882 3332 ad
894 3292 916 3334 te
926 3285 1015 3334 arcessi
1025 3285 1107 3348 jubes.

366 3360 424 3410 Illos
436 3362 479 3425 qui
490 3361 561 3422 dant,
572 3376 613 3412 eos
628 3362 738 3424 derides,
751 3364 793 3427 qui
806 3363 940 3423 deludunt,
951 3364 1055 3427 deperis.

366 3441 405 3491 du
415 3449 438 3489 te
447 3440 472 3490 id
486 3450 624 3506 exspectare
634 3450 744 3507 oportet,
760 3444 780 3493 si
794 3445 849 3507 quis
859 3444 985 3506 promittat
996 3444 1056 3501 tibi,

366 3522 399 3570 To
413 3520 536 3571 iacturum
546 3522 659 3583 divitem,
677 3524 697 3573 si
709 3524 829 3573 moriatur
838 3530 915 3572 mater
928 3523 988 3572 sua?

365 3602 481 3660 Ecastor,
495 3603 567 3653 nobis
580 3603 715 3665 periculum
727 3617 842 3666 magnum
855 3612 879 3652 et
890 3602 987 3652 lamiliae
998 3603 1164 3666 portenditur,

365 3682 430 3732 Dum
443 3682 497 3751 ejus
510 3690 678 3747 exspectamus
690 3691 809 3743 mortem,
822 3698 852 3733 ue
863 3698 908 3733 uos
920 3686 1053 3734 moriamm
1065 3685 1153 3734 lamet.
1218 3677 1223 3689 ’

240 3867 322 3947 Quid
344 3877 450 3952 agatur
477 3868 514 3934 de
539 3870 664 3954 pecunia
684 3869 726 3934 ita
744 3871 892 3954 quaesita,
915 3870 1003 3937 facile
1028 3869 1179 3958 conjicias.
1211 3865 1319 3931 Seruili

239 3985 346 4042 natura
369 3984 499 4056 creatae,
521 3979 571 4044 viu
591 3999 609 4044 e
631 3979 773 4046 servitute
798 3983 927 4068 elapsa,
949 3982 988 4049 ad
1010 3980 1129 4048 servilia
1156 3975 1229 4042 vitia
1249 3982 1318 4041 sunt

272 4231 282 4264 1
297 4230 401 4293 Frapm.
416 4230 572 4290 clitellario,
584 4238 599 4281 a
610 4240 633 4283 et
643 4247 696 4297 sqq.
703 4247 757 4296 quae
768 4236 917 4285 Cistellaria
929 4233 1084 4283 attribuenda
1095 4239 1155 4295 puto
1166 4246 1196 4281 err
1209 4232 1318 4293 ‹lisputa-

240 4311 307 4359 tione
316 4311 450 4370 Ritscbrlii,
460 4312 564 4376 Par-erg.
577 4314 662 4363 Ptaut.
678 4316 722 4362 l'll
733 4322 757 4363 et
768 4318 823 4363 195,
833 4342 864 4351 -
876 4314 888 4349 ²
901 4314 994 4364 disicit.
1005 4312 1026 4371 1,
1037 4315 1061 4371 1,
1071 4315 1110 4361 ta.

272 4389 355 4439 ³Ciat.
368 4392 389 4448 Ι,
400 4393 424 4450 1,
434 4395 473 4440 50.
488 4422 518 4429 -
528 4393 540 4428 ⁴
550 4392 622 4443 Asia.
635 4394 679 4452 lll,
692 4397 715 4452 l,
726 4398 749 4442 6.
763 4424 793 4431 -
805 4396 818 4429 ⁵
828 4394 865 4444 ld.
877 4394 920 4452 lll,
936 4395 1008 4451 1,11.
