3250 5050
778 432 961 494 ..50-

333 597 400 662 quae
418 577 587 640 Artemonae
602 575 631 638 in
647 572 784 638 Asinaria
803 573 1004 654 famulantur,
1029 575 1200 660 exemplum
1222 574 1335 640 habent
1356 596 1413 641 an-

334 688 411 752 31113
434 695 502 750 ante
523 686 625 749 oculos
648 682 880 748 domesticarum
906 683 1061 748 virtutum.
1090 683 1136 747 Ad
1163 682 1284 763 iocum,
1309 705 1411 750 coram

333 797 427 862 oculis
442 796 533 874 herae,
553 794 704 872 educatae,
725 771 945 868 easdem'artes
967 803 1057 878 atque
1079 792 1131 858 illa
1151 794 1286 874 edoctae,
1312 796 1413 860 lanifi-

333 907 400 985 cio,
428 914 459 971 31
472 904 538 969 aliis
556 903 636 968 curis
651 901 872 989 ejusdemmodi
893 901 1065 986 transigunt
1077 903 1228 988 tempus⁴;
1243 913 1273 969 et
1290 904 1314 968 si
1328 905 1411 972 herae

333 1016 474 1081 vitiorum
487 1023 602 1101 partem
615 1013 752 1098 capiant,
768 1011 967 1077 nihilominus
978 1010 1084 1097 religio
1096 1022 1142 1077 est
1153 1013 1224 1078 laris
1240 1013 1406 1095 familiaris

332 1123 516 1192 consuetudo
535 1125 683 1188 bonarum
704 1139 825 1201 rerum,
855 1131 976 1207 propter
995 1141 1070 1206 quas
1092 1123 1312 1191 necessitudine
1335 1146 1411 1210 qua-

333 1235 403 1300 dam
427 1231 647 1299 devinciuntur.
675 1231 819 1296 Amorem
840 1230 872 1296 in
899 1250 967 1296 eam
992 1229 1131 1309 domum,
1160 1231 1211 1296 ubi
1237 1231 1334 1298 filium
1358 1247 1409 1300 aut

330 1343 423 1420 liliam
447 1343 599 1419 aluerunt,
614 1338 811 1404 transierunt.
837 1341 948 1404 Earum
967 1339 1039 1404 vitia
1056 1341 1235 1426 plerumque
1260 1364 1321 1408 nou
1340 1365 1409 1430 pro-

330 1451 463 1520 cacitatis
474 1449 556 1514 haud
566 1446 697 1533 illepidae
714 1455 743 1512 31
753 1447 870 1512 astutias
882 1448 1029 1532 elegantis
1041 1448 1117 1515 fi'nes
1133 1453 1405 1536 transgrediuntur.

378 1560 515 1646 Exempli
529 1579 628 1639 causa,
645 1557 815 1624 Pardalisca
828 1557 955 1643 duaeque
969 1559 1095 1640 ancillae,
1113 1581 1181 1646 quae
1191 1563 1349 1648 loquentes
1362 1564 1411 1630 in-

306 1680 308 1684 '
332 1671 481 1736 ducuntur
502 1668 534 1733 in
554 1667 672 1748 Casina,
690 1674 806 1737 nasutae
832 1676 945 1732 suntet
963 1668 1117 1735 dicaculae.
1133 1671 1200 1751 1113,
1217 1670 1414 1738 domuitioni'

331 1799 423 1866 quam
431 1786 550 1845 exercet
572 1777 644 1843 hera
664 1777 697 1841 in
719 1777 908 1843 Stalinonem
924 1788 955 1843 31
974 1777 1108 1844 villicum
1128 1781 1341 1868 Olympionem
1360 1783 1412 1849 dat

332 1908 465 1976 operam,
478 1886 672 1954 calliditatem
687 1895 718 1950 31
737 1885 889 1951 solertiam
910 1886 1034 1952 selinam
1048 1889 1189 1969 ostendit,
1212 1890 1245 1954 in
1256 1910 1314 1976 qua
1330 1901 1410 1957 certe

330 2002 457 2088 scriptor
476 2019 580 2067 curam
592 1999 756 2065 maximam
770 2009 800 2064 et
811 1999 944 2065 studium
956 2020 1109 2066 summum
1123 2002 1243 2085 posuit,
1258 2022 1410 2089 quamque

330 2113 425 2179 indito
447 2112 492 2177 illi
513 2111 636 2177 nomine
657 2111 850 2197 praenuntiat.
871 2113 972 2190 Quam
990 2111 1087 2198 lepida
1106 2122 1150 2178 est
1167 2112 1218 2178 illa
1246 2133 1352 2193 scena,
1377 2114 1409 2179 in

329 2244 388 2308 qua
418 2222 545 2288 delirare
567 2230 597 2288 31
622 2221 723 2288 furere
743 2221 883 2287 Casinam
909 2222 984 2288 13133
1013 2221 1165 2300 declarat,
1189 2243 1281 2309 seque
1307 2223 1409 2288 animo

330 2331 425 2418 linqui
438 2328 545 2416 fingit!
562 2334 713 2411 Quantam
732 2329 966 2397 sollicitudinem
987 2330 1082 2418 injicit
1099 2330 1209 2398 misero
1233 2331 1404 2411 Stalinoni,

330 2461 390 2506 non
411 2440 537 2506 immani
560 2439 645 2519 viro,
669 2438 738 2506 licet
759 2439 883 2506 scortari
907 2439 1028 2525 cupiat:
1300 2441 1306 2447 '

456 2625 558 2676 Contine
568 2633 668 2689 peonis,
681 2626 733 2675 face
747 2626 887 2684 ventulum,
898 2628 1001 2684 amabo,

362 2765 364 2768 ,
457 2709 533 2759 Pallio
536 2744 593 2759 ......

616 2825 673 2839 ......
685 2788 772 2839 Obtine
782 2790 876 2848 aureis,
889 2790 1001 2840 amah02.

331 2972 429 3049 Quam
441 2969 578 3055 improba
587 2970 690 3037 laetitia
704 3023 711 3050 ,
734 2983 893 3057 postquam
905 2972 932 3035 ei
943 2970 1019 3036 dixit
1031 2972 1171 3039 Casinam
1182 2974 1317 3040 occidere
1334 2976 1409 3040 velle

331 3097 401 3143 eum
413 3078 465 3164 qui
486 3078 543 3144 hac
563 3089 649 3144 nocte
671 3100 773 3146 secum
792 3081 950 3158 cubuerit,
974 3081 1160 3149 exclamante
1181 3084 1357 3150 Stalinone.

449 3243 495 3316 xlle
510 3267 617 3318 obcidet!

331 3429 441 3513 excipit
453 3452 459 3491 z

455 3614 501 3746 pub
504 3615 627 3727 quidpiam
638 3618 667 3667 od
680 3627 701 3668 te
712 3620 879 3669 adtinett......
894 3619 957 3679 Quid
970 3634 1027 3670 cum
1040 3636 1068 3669 33
1078 3623 1158 3682 negoti

477 3696 484 3744 i
503 3696 552 3744 i'st
574 3696 586 3743 1

331 3883 370 3942 Α1
383 3877 552 3945 Pardalisca
565 3880 716 3965 procacior
728 3892 773 3948 est
790 3883 880 3969 quam
891 3886 985 3971 pejor.
1002 3884 1101 3951 Serrit
1113 3884 1146 3948 in
1165 3884 1289 3951 honesta
1302 3885 1403 3953 domo.

330 3987 493 4055 Stalinonis
502 3988 622 4056 lascivia
632 3992 726 4058 rideri
735 4003 833 4079 potest
842 3993 894 4063 ille
906 3995 943 4060 ad
947 3993 1093 4082 juvenilia
1105 3993 1230 4072 reditus,
1240 3996 1291 4080 qui
1300 3998 1410 4083 saepius

330 4094 361 4157 in
376 4095 493 4178 quietos
513 4108 544 4165 et
561 4099 693 4184 placidos
712 4102 850 4169 homines
866 4104 955 4170 cadit.
974 4104 1062 4169 Certe
1084 4103 1116 4167 in
1130 4104 1305 4184 Cleostrata,
1319 4125 1408 4190 aqua

364 4330 373 4362 ¹
387 4330 491 4387 Casina,
503 4334 597 4395 prolog.
612 4340 657 4397 t5;
670 4338 801 4398 Mercator,
815 4341 871 4401 113,
885 4346 925 4390 78.
939 4340 977 4389 Cl.
995 4340 1024 4389 T.
1036 4341 1064 4389 L.
1076 4340 1099 4398 1,
1110 4344 1150 4389 57.

363 4412 422 4462 Ξ131.
435 4411 482 4472 111,
496 4417 523 4471 5,
536 4418 564 4463 tt
575 4424 599 4465 31
612 4432 664 4481 sqq.
676 4449 706 4457 —
719 4420 730 4455 ³
744 4420 781 4470 ld.
792 4422 828 4470 id.
