3250 5050
795 434 978 498 ...ffi-

346 573 398 638 das
409 593 481 638 usus
494 582 554 653 est,
575 583 606 639 et
617 590 686 638 eum
696 573 728 638 in
742 591 776 639 ea
790 594 823 639 re
834 573 949 638 mirum
961 573 1054 639 fuisse
1067 572 1092 637 si
1105 571 1173 658 quis
1186 585 1323 661 negaret,
1338 575 1421 641 baud

345 681 496 747 immerito
509 680 682 768 iniquitatis·
692 681 928 747 insimularetur.
952 683 1079 748 Necesse
1100 689 1147 744 est
1159 690 1259 746 autem
1278 683 1419 766 quaedam

345 809 524 875 proponam,
543 789 651 874 quibus
663 799 877 874 argumentum
890 789 1053 854 absolvam.

368 969 372 976 ,
389 900 558 982 Antequam
567 898 698 962 ieramus
709 899 746 964 de
757 899 864 964 Plauto
878 897 1068 977 sententiam,
1083 896 1420 982 praejudicatasopinio-

343 1025 397 1070 nes
407 1007 563 1072 excludere
577 1017 705 1092 oportet.
721 1006 947 1074 Meminerimus
960 1006 1047 1071 illum
1058 1015 1090 1071 31
1098 1015 1230 1072 veterem
1244 1006 1421 1092 scriptorem

342 1114 476 1181 13133331
488 1123 622 1201 tempore
634 1116 712 1197 rudi,
726 1136 821 1201 quum
833 1114 884 1180 uix
893 1123 1087 1181 nascerentur
1092 1113 1193 1187 latinae
1199 1115 1317 1195 litterae,
1327 1116 1421 1181 exsti-

340 1223 425 1288 tisse.
443 1225 486 1290 Ne
498 1222 589 1309 igitur
603 1224 640 1288 ab
654 1243 690 1288 33
701 1224 994 1309 petamusquodnon
1000 1223 1134 1307 prolerre
1140 1231 1255 1306 potest,
1267 1224 1346 1307 quod
1357 1243 1420 1288 non

341 1332 443 1410 habet.
461 1331 532 1396 Scio
541 1333 725 1418 precipuum
750 1333 850 1399 locum
865 1330 957 1397 tribui
971 1330 1125 1396 comoediae
1137 1349 1207 1414 quae
1218 1349 1255 1394 ex
1279 1330 1421 1416 ingenio-

302 1461 323 1479 ·
342 1457 409 1504 rum
434 1439 636 1505 humanorum
663 1439 862 1526 descriptione
877 1456 988 1505 nomen
1003 1438 1107 1504 trabit.
1121 1439 1176 1503 llla
1191 1458 1261 1504 vero
1283 1448 1419 1524 tempore

340 1548 440 1615 Plauti
452 1549 586 1614 nondum
598 1561 662 1615 erat
684 1553 812 1616 Romam
827 1550 958 1615 advecta.
975 1550 1017 1613 Ea
1037 1557 1084 1614 est
1100 1546 1132 1612 in
1146 1566 1205 1631 qua
1216 1547 1363 1632 quidquid
1382 1548 1420 1613 lit

338 1676 376 1721 ex
390 1655 483 1722 animi
497 1677 631 1741 personae
645 1658 802 1744 cujusdam
813 1656 1007 1724 inclinatione
1018 1657 1123 1722 oritur.
1150 1658 1189 1722 At
1202 1656 1342 1721 Plautina
1364 1677 1419 1722 33-

340 1763 468 1844 moedia,
486 1773 520 1828 ut
530 1765 645 1850 placeat
658 1765 875 1850 spectatoribus
891 1764 967 1845 suis,
994 1772 1150 1831 mutuatur
1164 1785 1180 1828 a
1192 1762 1308 1830 Graecis
1321 1765 1416 1830 nodos

340 1873 509 1938 fabularum
521 1884 552 1940 et
562 1873 821 1941 concursationem
833 1872 916 1938 illam
929 1883 1064 1939 actorum
1076 1891 1167 1957 quam
1184 1870 1285 1956 potius
1300 1870 1419 1936 miran-

347 2003 384 2048 ur
398 1981 512 2048 inculta
528 1980 669 2067 ingenia,
687 1982 720 2047 in
736 2001 804 2066 quae
819 2003 881 2048 non
892 1980 973 2048 cadit
985 1981 1103 2066 longior
1114 1980 1305 2065 investigatio
1316 1999 1418 2046 rerum

338 2087 589 2176 perquisitionum.
608 2093 705 2158 Mores
716 2093 867 2156 Romanos
883 2109 1002 2175 quoquc
1015 2089 1210 2154 severissimis
1223 2088 1418 2155 allusionibus

338 2198 443 2283 carpit.
459 2200 495 2262 13
517 2197 647 2282 ingeniis
670 2197 828 2263 bominum
850 2197 1029 2281 effingendis
1048 2215 1107 2261 non
1133 2205 1194 2262 tam
1222 2198 1336 2261 multus
1365 2207 1412 2261 331

340 2306 614 2392 33331133331133,
632 2307 684 2372 sed
702 2327 736 2372 ea
751 2307 847 2392 magis
873 2306 977 2371 variat.
994 2307 1079 2390 Saepe
1102 2304 1154 2370 illa
1168 2315 1290 2371 333331
1317 2307 1409 2371 altera

340 2414 418 2480 linea
432 2414 589 2496 describit,
608 2425 686 2482 etex
701 2414 980 2500 praecipitideserit.
999 2417 1075 2493 Quae
1099 2424 1136 2479 ut
1151 2414 1298 2493 illustret,
1315 2425 1367 2479 aut
1379 2415 1414 2479 13
1437 2447 1441 2457 ,

339 2544 389 2591 ore
403 2534 502 2610 partes
529 2523 644 2611 agentis
669 2523 872 2609 narrationem
899 2524 946 2589 vel
970 2522 1150 2591 effictionem
1171 2523 1276 2609 ponit,
1301 2535 1353 2589 aut
1374 2524 1413 2590 ad

338 2633 428 2697 aliam
439 2652 597 2716 personam
608 2632 725 2697 tribuit.
741 2634 805 2697 lmo
820 2650 992 2698 sermonem
1003 2632 1172 2717 abrumpit,
1195 2641 1229 2696 ut
1243 2640 1411 2717 spectantes

338 2742 521 2825 alloquatur,
537 2750 590 2805 331
600 2740 662 2807 edit
673 2740 710 2805 ad
721 2759 899 2825 remparum
912 2742 1098 2807 conferentes
1105 2741 1237 2821 facetias,
1255 2751 1290 2805 ut
1300 2761 1411 2827 sequa-

234 2870 236 2875 ’
339 2858 387 2913 tur
399 2849 534 2916 hilaritas
546 2849 677 2915 maxime
691 2848 833 2934 expetita.

382 2958 520 3045 intelligo
532 2958 623 3044 igitur
635 2978 688 3025 cur
694 2957 837 3025 Horatius
848 2968 910 3023 tam
922 2959 1015 3023 durus
1026 2957 1057 3022 in
1070 2976 1141 3022 eum
1151 2958 1251 3023 luerit.
1268 2960 1391 3023 Poetam
1400 3011 1412 3039 ,.

339 3067 391 3151 qui
405 3067 478 3132 adeo
490 3067 605 3141 curiosa
617 3067 758 3133 felicitate
770 3066 874 3146 valuit,
890 3066 1413 3150 noumirumquiuollenderetsccua

338 3174 439 3240 minus
452 3175 509 3241 sibi
524 3185 680 3255 constane,
697 3175 861 3241 scurrilitas
876 3174 1021 3262 dignitate
1043 3194 1122 3260 saepe
1135 3183 1168 3239 et
1186 3174 1282 3260 gratia
1299 3194 1408 3255 vacua,

337 3281 460 3349 libertas
473 3283 591 3350 dicendi
616 3284 749 3349 inaudita
778 3285 857 3369 apud
883 3288 975 3351 Novae
997 3283 1158 3351 comoediae
1181 3282 1352 3368 scriptores,
1381 3293 1413 3349 et

338 3390 410 3456 artis
423 3392 527 3457 formae
543 3411 636 3478 quam
651 3393 708 3458 sibi
730 3393 927 3479 proposuerat
954 3392 1087 3458 adversa.
1106 3394 1193 3459 Certe
1207 3391 1298 3457 credo
1316 3393 1412 3457 Plau-

337 3509 418 3578 tum,
434 3518 525 3584 quam
537 3501 589 3585 qui
603 3501 747 3582 maxime,
766 3511 829 3577 tam
842 3501 887 3567 sui
901 3511 1071 3586 compotem
1091 3498 1198 3585 fuisse,
1225 3518 1320 3585 quum
1334 3499 1411 3565 scri-

340 3606 457 3673 133314.
477 3609 545 3673 Ν33
567 3618 668 3675 autem
680 3611 832 3676 calamum
854 3609 968 3676 ratione
992 3627 1083 3693 quam
1107 3607 1250 3693 praedicat
1271 3606 1412 3674 Horatius

340 3714 467 3781 ducebat
493 3736 499 3777 :

463 3869 507 3918 Est
520 3868 638 3919 brevitate
652 3884 729 3933 opus,
742 3879 769 3920 ut
782 3879 864 3921 currat
874 3871 1008 3929 sententia3
1024 3884 1072 3919 333
1083 3884 1108 3918 se

462 3948 579 4011 Impediat
588 3949 668 3999 verbis
680 3950 756 3999 lassas
764 3950 923 4000 onerantibus
938 3964 1031 3999 aures:
1127 3974 1132 3984 ·

372 4135 380 4169 ¹
397 4130 456 4181 Vide
467 4132 508 4180 illa
517 4132 605 4192 verba,
616 4147 670 4197 quae
680 4134 830 4185 liceteservo
840 4134 916 4195 dicta,
929 4137 978 4185 vim
989 4145 1012 4186 et
1022 4136 1164 4200 elegantiam
1171 4136 1300 4184 maximam
1312 4137 1409 4185 liabent.

338 4208 384 4258 Sed
396 4211 465 4272 quasi
478 4217 562 4273 poeta,
574 4213 670 4263 tabulas
683 4228 760 4277 quum
772 4217 835 4278 cepit
854 4216 916 4276 sibi,
938 4216 1029 4276 Quaerit
1043 4215 1108 4279 quod
1124 4229 1245 4278 nusquam
1261 4216 1413 4278 gentium’st,

339 4290 428 4351 reperit
439 4297 519 4339 tamen
531 4306 539 4338 ε
552 4292 618 4341 Facit
630 4292 692 4343 illud
710 4296 855 4355 verisimile,
869 4297 934 4360 quod
951 4296 1103 4346 mendacium
1116 4298 1159 4345 ’stt
1173 4296 1287 4345 Pocudol.
1301 4296 1311 4343 l
1319 4330 1326 4354 ,
1340 4299 1367 4355 1,
1382 4300 1412 4357 ⁸3

339 4370 471 4421 secundum
483 4373 608 4423 lectionem
622 4376 754 4427 Bitschelii.
