3250 5050
680 395 861 457 ..rr-

234 533 389 599 severitate
409 552 477 622 quae
500 549 592 600 anum
614 533 736 612 deccat,
751 551 867 600 morem
889 532 951 597 lani
973 532 1090 598 colendi
1099 533 1182 618 prius
1193 551 1310 600 memo-

234 659 304 705 rans
325 662 332 703 :
800 659 803 665 ’

747 823 850 886 AEquius
863 835 906 874 vos
915 831 967 872 erat

357 901 501 952 Candidatus
515 901 610 960 venire,
620 900 799 964 hostiatasque3
813 901 901 950 adhoc

357 981 451 1030 Fanum
464 980 494 1029 ad
504 981 584 1052 istunc
595 979 696 1030 modum
705 995 755 1030 non
765 981 843 1032 veniri
852 981 914 1031 solet
925 982 947 1028 ¹.

230 1145 299 1208 Mox
320 1161 388 1208 vero
410 1142 541 1228 benigne
563 1142 715 1229 excipiens
735 1146 882 1230 benignas
903 1147 1068 1235 supplices,
1089 1147 1230 1232 illasque.
1250 1147 1306 1212 etsi

232 1270 346 1337 pauper
358 1249 441 1338 ipsa,
462 1251 573 1337 juvens
585 1253 668 1319 omni
680 1272 736 1340 ope
750 1276 757 1318 :

355 1435 440 1484 Manus
450 1435 511 1484 mihi
523 1434 578 1484 date
585 1470 594 1497 ,
607 1438 727 1500 exsurgite
740 1439 865 1500 apenibus
877 1437 955 1487 arnbae
968 1453 976 1486 ε
1073 1421 1077 1429 ’

358 1514 536 1564 misericordior
549 1516 616 1565 nulla
628 1531 667 1566 me
680 1524 717 1566 est
726 1517 872 1568 laminarum
885 1516 907 1567 ¹.

702 1595 824 1660 Quidquid
832 1606 870 1650 est
876 1632 886 1657 ,

357 1677 463 1726 Comiter
475 1675 517 1726 liet
529 1690 544 1724 a
556 1690 595 1726 me
602 1711 611 1737 ,
624 1691 673 1740 quo
683 1685 766 1728 nostra
778 1679 849 1740 copia

357 1755 451 1808 Vulebit
459 1757 480 1804 ⁸.

234 1923 295 1987 Nec
319 1939 353 1986 ea
375 1940 449 1985 vana
463 1932 533 1988 sunt
553 1922 653 1988 verba.
676 1922 765 2001 Quod
783 1923 807 1987 si
826 1932 956 2002 metues,
971 1939 1076 1988 verum
1089 1920 1193 1988 audies
1204 1941 1242 1988 ex
1256 1940 1309 1986 ore

235 2027 412 2112 Ampeliscae
427 2049 433 2090 :

364 2213 393 2261 Ut
406 2212 497 2274 lepide,
511 2220 539 2261 ut
550 2212 688 2270 liberaliter,
702 2221 730 2262 ut
740 2214 841 2263 honeste
852 2219 925 2276 atque
938 2213 1002 2263 baud
1012 2219 1108 2276 gravate

361 2293 480 2352 Timidus,
493 2293 612 2356 egentem,
626 2292 725 2352 uvidas,
738 2293 989 2356 eJeetas,exanimatas

289 2417 293 2426 .
363 2373 464 2436 Adcepit
473 2373 503 2422 ad
516 2373 581 2422 sesel
593 2373 663 2423 Haud
677 2388 745 2424 secus
759 2389 833 2437 mam
842 2375 864 2423 si
872 2388 900 2424 er
912 2388 938 2423 se
947 2375 1023 2424 simus
1036 2381 1098 2423 natae
1110 2378 1131 2422 ⁴.

236 2556 300 2618 Una
320 2572 366 2647 res
387 2552 506 2620 additur
518 2554 703 2639 ingenuitate
717 2555 885 2635 narrantis,
901 2575 969 2643 quet
982 2555 1092 2623 clarius
1105 2555 1196 2622 etiam
1208 2575 1311 2641 perso-

237 2682 308 2727 nam
331 2672 399 2729 ante
424 2664 525 2730 oeulos
545 2663 707 2750 proponit:
1051 2670 1058 2679 '

363 2865 393 2914 Ut
407 2867 517 2929 eapsesic
529 2866 652 2916 subcincta
665 2879 751 2928 aquam
765 2864 904 2924 calefactat,
917 2872 944 2913 ut
954 2864 1081 2914 lavemus!

237 3046 391 3132 Hospitale
418 3045 549 3112 officium
576 3046 657 3131 quod
679 3044 771 3111 animi
791 3044 964 3110 facilitatem
990 3062 1139 3132 praecipue
1163 3044 1311 3122 declarat,

236 3174 355 3240 quoque
377 3154 540 3220 absolvitur
552 3153 693 3220 benefieae
712 3153 873 3219 sacerdotis
886 3154 1015 3239 effigies,
1030 3173 1122 3240 quam
1142 3153 1313 3219 lereebris-

236 3262 351 3327 tianam
363 3272 394 3327 ct
405 3261 574 3327 christianis
585 3263 722 3328 sensibus
734 3262 897 3328 animatam
908 3261 1022 3329 credas.

284 3370 403 3455 Species
422 3389 542 3456 qnoque
561 3370 722 3455 singularis
743 3379 789 3436 est
811 3371 893 3435 illius
917 3390 1014 3447 anus;
1037 3370 1149 3455 quippe
1168 3389 1237 3455 quae
1248 3372 1311 3435 sola

237 3478 316 3543 inter
336 3477 476 3543 honestas
500 3478 643 3544 mulieres
669 3479 792 3545 omnino
813 3478 860 3544 sui
878 3479 957 3566 juris
981 3498 1046 3545 esse
1068 3480 1215 3545 videatur.

236 3671 239 3681 Ι
285 3586 374 3654 Nulla
396 3585 522 3665 semina,
541 3586 642 3653 mariti
665 3588 712 3652 vel
732 3588 886 3666 absentia,
911 3590 958 3654 vel
977 3599 1092 3669 morte,
1113 3589 1160 3653 vel
1184 3587 1316 3655 divortio

240 3696 493 3785 emancipabatur.
510 3697 615 3763 vidue
632 3697 688 3762 sub
711 3698 838 3762 tutelam
853 3697 946 3783 patris
968 3709 1019 3764 aut
1040 3700 1105 3786 ejus
1126 3700 1179 3785 qui
1202 3719 1316 3784 genere

239 3805 394 3888 proximus
416 3814 480 3871 erat
496 3806 688 3886 veniebant⁸‚
709 3805 835 3893 ideoque
846 3815 880 3872 ut
888 3807 1019 3894 virgines
1030 3809 1062 3873 in
1075 3808 1216 3875 interiore
1228 3817 1314 3895 parte
1416 3857 1419 3861 Α

239 3911 346 3979 domus
371 3915 596 4000 permanebant.
616 3914 683 3980 Alia
700 3924 765 3981 erat
780 3914 967 3982 sacerdotum
984 3916 1073 3981 alicui
1084 3916 1197 4001 templo
1209 3914 1313 3981 addie-

237 4028 337 4086 tamm
360 4021 501 4087 conditio.
529 4023 681 4088 Bonorum
700 4022 836 4089 dominio
856 4024 1010 4102 Vestales,
1034 4022 1164 4107 exempli
1189 4022 1308 4108 gratia,

273 4254 359 4301 ¹llud.
373 4253 398 4312 l,
413 4257 493 4313 5‚tt.
511 4255 762 4305 dimidium.
779 4256 931 4306 —³ld.id.
946 4256 982 4304 id.
996 4260 1039 4304 ἥ.
1053 4256 1154 4307 -⁴ld.
1172 4256 1210 4317 ll,
1224 4259 1313 4316 estu.

275 4330 475 4392 weremund,
489 4336 553 4391 Μ.
572 4332 684 4392 Suebi,
700 4336 729 4394 t,
743 4337 774 4381 ta
788 4332 851 4393 etl,
865 4334 952 4393 Mt.
