3250 5050
810 429 993 500 ..54-

364 593 466 642 versus
478 583 524 638 est
546 591 563 637 e
584 590 715 654 Θησαυρῷ
728 569 943 637 Philemonis&
966 568 1052 636 hliles
1063 569 1219 635 Gloriosus
1233 580 1279 636 est
1295 569 1437 650 itura-2¹3
1457 587 1461 594 ·

364 681 413 748 hic
430 692 531 748 autem
545 734 551 760 ,
567 690 600 745 ut
618 677 649 745 in
671 681 798 745 Poenulo
811 731 818 758 ,
838 678 931 758 nihil,
944 677 1003 743 nisi
1022 677 1144 758 titulus,
1157 680 1367 747 denuntiatum
1381 661 1437 748 est.

364 792 469 870 Certe,
498 792 599 877 plures
622 789 713 855 etiam
737 796 915 874 apparerent
936 787 1059 862 fabulae,
1087 785 1168 852 unde
1190 799 1366 872 argumenta
1388 789 1442 856 de-

363 908 480 985 sumpta
504 907 573 964 sunt
595 919 611 961 a
634 897 756 976 Plauto,
783 897 807 962 si
829 904 928 961 totum
951 896 1125 962 Graecorum
1146 894 1298 968 theatrum
1311 893 1463 965 exstaret'

362 1007 471 1072 adhuc,

408 1117 489 1181 Num
511 1135 581 1181 vero
593 1117 725 1181 ‘Plautus
740 1113 817 1178 nihil
831 1113 888 1178 luit
900 1112 957 1177 nisi
971 1113 1146 1179 (trecorum
1160 1107 1308 1199 interpres
1322 1115 1360 1180 ad
1375 1133 1441 1180 ver-

363 1228 436 1292 bum
446 1227 463 1292 ‘l
473 1226 523 1292 dit
532 1227 695 1293 Odolridus
709 1225 818 1291 Miller
828 1225 852 1303 ³,
868 1225 925 1289 etsi
938 1223 1040 1288 cibum
1055 1223 1188 1289 Atticum
1202 1224 1346 1297 Romanis
1360 1227 1443 1312 pala-

362 1337 402 1402 tis
420 1335 597 1422 aptavisset,
613 1345 643 1402 et
664 1354 769 1420 sapore
782 1333 915 1423 quodam
935 1331 1040 1398 acriori
1055 1329 1233 1412 imbuisset,
1248 1351 1320 1400 eum
1342 1334 1442 1400 cibum

362 1444 496 1510 Atticum
520 1454 621 1510 tamen
644 1444 747 1510 luisse.
773 1443 888 1508 Censeo
906 1441 1085 1507 severiorem
1103 1461 1174 1526 erga
1188 1443 1330 1508 Plautum
1342 1453 1442 1510 osteu-

362 1554 432 1619 dere
451 1574 482 1618 se
500 1554 637 1620 criticum
651 1553 901 1618 illustrissimum.
919 1551 987 1616 lam
1001 1549 1078 1615 mihi
1092 1550 1211 1616 videtur
1229 1550 1279 1616 illa
1294 1552 1358 1638 ipsa
1370 1573 1442 1617 con-

365 1663 501 1734 versione
521 1662 603 1749 operi
624 1661 764 1727 Plautino
781 1659 936 1746 proprium
957 1658 1102 1744 quiddam
1114 1677 1180 1724 esse
1193 1658 1336 1725 inditum.
1354 1661 1442 1739 Quod

365 1790 382 1835 e
405 1771 510 1855 graecis
533 1770 655 1836 comicis
680 1769 848 1854 excerpsit,
875 1788 936 1832 non
960 1767 1138 1856 Terentiano
1165 1767 1316 1837 scribendi
1338 1771 1441 1856 generi

366 1880 464 1946 simile
487 1883 543 1946 est.
571 1880 604 1945 Si
624 1888 654 1948 et
681 1878 771 1946 ceteri
796 1877 912 1944 comici
927 1876 1012 1942 latini
1035 1887 1242 1961 superessent,
1263 1899 1335 1947 sane
1354 1901 1442 1946 causa

364 2105 442 2152 tiones
458 2103 516 2151 olim
532 2101 628 2159 eumn,
641 2100 697 2150 Gar.
712 2100 815 2158 Benoit,
831 2100 857 2148 in
872 2099 936 2156 libro
954 2099 983 2147 de
1005 2097 1133 2150 Comoedia
1150 2112 1245 2161 prese,
1258 2106 1358 2162 propter
1371 2112 1444 2163 quem

365 2190 492 2254 praemium
502 2189 533 2238 ab
544 2188 658 2237 instituto
672 2186 778 2249 accepit,
788 2185 931 2248 excogitavit
941 2185 1039 2234 titulum
1050 2185 1115 2233 hunc
1128 2199 1134 2231 z
1147 2181 1275 2253 Σχοίνια,
1290 2193 1406 2249 uuquam
1417 2201 1445 2236 ea

365 2281 428 2323 esset
440 2273 523 2324 tabula
532 2273 636 2336 Diphili,
650 2287 665 2320 a
679 2285 728 2336 quo
745 2270 847 2319 Plautus
859 2268 978 2318 Rudentis
988 2268 1114 2317 materiam
1128 2274 1164 2316 est
1176 2274 1311 2320 mutuatus.
1327 2269 1370 2319 uss
1380 2270 1445 2319 enim

366 2357 389 2404 in
401 2355 516 2417 Prologu,
528 2357 571 2413 ³2,
583 2369 679 2404 carmen
695 2354 740 2403 hoc
754 2368 761 2401 ε
776 2351 956 2401 Primumdum
966 2350 1024 2399 huie
1037 2364 1086 2400 esse
1096 2363 1188 2399 nomeu
1198 2349 1256 2399 urbi
1266 2350 1382 2414 Diphilus
1395 2351 1444 2414 Cp·

367 2451 439 2487 renos
458 2437 546 2488 voluit.
569 2438 601 2487 m
621 2437 684 2487 iuter
708 2434 793 2485 titulos
819 2434 910 2498 Diphili
931 2435 1104 2485 comoediarum
1124 2433 1193 2483 nulle
1210 2440 1306 2485 emunt
1322 2438 1443 2504 Σχοίνια.

367 2523 450 2573 Exstat
460 2530 544 2579 eontra
556 2514 673 2590 Σχεὸἱπ,
687 2522 759 2587 eujus
769 2534 835 2569 unus
844 2535 930 2571 versus
944 2519 974 2569 ed
985 2535 1030 2593 nes
1040 2519 1142 2569 traditus
1152 2528 1189 2570 est
1204 2538 1210 2570 ε
1221 2523 1326 2571 Θᾶττου
1339 2517 1443 2568 πλέκειν

369 2604 456 2655 κέλευε
467 2606 574 2676 πόρκωυ
586 2601 772 2674 πυκνοτέρους,
787 2605 892 2666 Frupm.
910 2608 975 2666 post.
991 2604 1076 2653 comis.
1090 2618 1163 2665 praec.
1181 2602 1221 2652 ed.
1236 2601 1321 2660 Didot,
1335 2615 1361 2664 p.
1383 2602 1443 2660 ott,

367 2689 452 2739 col.·l.
463 2688 499 2737 lta
513 2686 631 2737 convertit
641 2686 755 2737 Bolbius:
765 2688 839 2738 Ocius
848 2687 965 2745 ἀοποὶονπ
975 2687 1040 2736 rett'o
1048 2686 1122 2749 plecti
1128 2686 1196 2749 jube.
1206 2685 1270 2745 Quid
1280 2684 1355 2734 verul
1368 2684 1443 2733 maxi·

368 2782 407 2817 ma
417 2775 453 2817 est
465 2762 596 2817 similitudo
606 2782 663 2817 cum
675 2766 719 2823 illo
728 2768 848 2818 Rudeutt's
858 2782 946 2826 uersu,
956 2774 1002 2817 act.
1016 2767 1059 2827 IV,
1074 2781 1109 2815 se.
1122 2770 1154 2825 s,
1164 2780 1188 2814 v.
1201 2770 1216 2815 1
1229 2781 1235 2814 s
1248 2764 1338 2818 fleus!
1350 2763 1442 2813 mem!

368 2877 398 2885 -
410 2849 478 2909 Qrtid
490 2850 628 2901 mausum?
642 2877 673 2886 -
683 2850 748 2899 Dum
761 2850 825 2899 hone
839 2850 887 2907 1111
890 2884 900 2910 ,
916 2864 993 2914 οπονπ
1009 2848 1106 2909 trehit,
1121 2848 1258 2908 Rudentem
1268 2846 1386 2910 coaptes.
1399 2845 1445 2895 llic

368 2930 458 2979 rudens
472 2930 583 2981 nauticus
599 2930 664 2980 lunis
677 2944 729 2979 esse
747 2929 883 2993 debetque
899 2929 1049 2988 retinebatur
1068 2934 1133 2988 rete,
1148 2928 1207 2977 dum
1227 2926 1355 2977 raderetur
1368 2926 1444 2976 imum

368 3032 444 3067 mare.
455 3020 548 3069 Forsan
560 3026 615 3082 post
635 3015 811 3091 πυκνοτέρους
827 3018 913 3067 eratin
924 3017 1001 3067 altero
1013 3031 1100 3076 versu,
1113 3016 1156 3080 qui
1165 3013 1330 3075 damnaretur,
1346 3010 1444 3076 κάλως,

369 3103 436 3150 etita
445 3103 531 3150 sensus
543 3101 632 3164 plenus
641 3104 712 3150 esset.
723 3102 799 3151 Nemo
810 3100 955 3151 initiabitur
965 3101 1025 3163 quin
1035 3098 1109 3149 simili
1117 3098 1148 3149 de
1159 3113 1185 3148 re
1194 3106 1287 3163 egetur.
1298 3098 1388 3163 Siquis
1400 3098 1445 3149 ob÷

366 3188 432 3251 jiciet
450 3188 544 3237 tertiam
561 3200 690 3251 personam
706 3187 732 3236 in
752 3202 830 3251 graeco
853 3187 985 3250 exemplari
999 3186 1101 3247 adesse,
1115 3201 1169 3237 eam
1188 3202 1244 3252 que
1259 3189 1324 3238 latur
1341 3181 1444 3247 κέλευε,

369 3271 428 3333 quid
442 3272 467 3319 in
477 3284 506 3320 eo
522 3268 629 3320 mirum?
645 3268 713 3333 Saepe
733 3262 837 3319 formam
851 3284 930 3319 scenas
944 3276 1116 3330 mutaverunt,
1130 3267 1190 3321 dum
1210 3284 1283 3334 opera
1302 3276 1448 3319 verterente

369 3352 453 3413 graecis
462 3352 529 3401 latini
539 3351 640 3407 cornici,
653 3356 677 3398 et
689 3349 804 3399 accidisse
816 3356 909 3413 potest,
922 3356 964 3409 ut,
978 3350 1083 3413 exempli
1096 3365 1183 3411 cause,
1196 3351 1269 3401 herus
1283 3349 1449 3402 Trachaliouis

370 3432 463 3481 adesset
476 3432 501 3480 in
513 3430 631 3481 eomoedia
645 3430 748 3495 Diphili,
762 3445 836 3494 quam
849 3445 902 3495 rem
915 3432 1016 3481 Plautus
1035 3433 1186 3491 immutavit,
1203 3446 1252 3496 quo
1269 3431 1373 3496 tepidior
1385 3438 1449 3482 osset

371 3520 497 3583 utriusque
508 3519 571 3569 servi
581 3517 720 3580 disputatio.
732 3517 802 3568 Nune
814 3518 944 3584 veroquid
955 3526 992 3568 est
1008 3510 1128 3585 Σχεδίαῖ
1144 3521 1205 3571 Nam
1215 3520 1274 3584 quid
1283 3521 1349 3582 aliud
1356 3556 1364 3581 ,
1374 3536 1448 3585 quam

371 3600 458 3661 scapha
463 3634 472 3659 ,
490 3598 520 3649 de
533 3604 643 3661 quotam
654 3598 730 3647 multa
740 3601 830 3650 mentio
841 3609 878 3651 est
891 3604 916 3652 in
927 3605 1045 3671 Pmlogo,
1058 3612 1082 3655 et
1092 3606 1118 3655 iu
1132 3612 1200 3655 actus
1210 3603 1247 3652 pn
1263 3615 1328 3651 seen.
1343 3599 1381 3649 2⁶·
1393 3613 1400 3646 a
1414 3598 1449 3647 De

370 3680 432 3744 navi
442 3680 537 3730 timidos
550 3677 669 3729 &siluere
679 3678 708 3727 iu
719 3682 837 3744 scapham
851 3683 931 3747 (Prot.
943 3686 999 3750 75).
1013 3686 1124 3751 Diphilus
1141 3686 1240 3735 titulum
1254 3680 1343 3733 indidit
1356 3679 1447 3729 tabulae

371 3783 384 3824 e
395 3768 483 3831 scapha
491 3766 530 3815 vel
545 3756 653 3835 σχεδίᾳ,
673 3774 721 3825 qua
732 3764 847 3814 mulieres
862 3773 966 3818 utuntur
975 3768 1005 3818 ad
1016 3768 1178 3827 enatandum,
1194 3767 1295 3819 Plautus
1305 3778 1319 3815 ο
1331 3762 1448 3821 rudente,

371 3858 444 3907 quem
458 3840 626 3892 animadvertit
636 3842 776 3901 Trachalio,
785 3842 819 3899 ita
830 3850 858 3891 ut
869 3844 982 3895 vidulum
995 3860 1009 3895 a
1021 3846 1140 3909 piscatore
1155 3850 1279 3906 receptum
1293 3840 1381 3891 videat.
1395 3840 1449 3889 Non
1525 3900 1528 3905 ι

371 3933 459 3983 desunt
469 3930 593 3994 exempla,
605 3930 695 3993 qulbus
708 3930 754 3979 sim
769 3929 855 3979 fretus.
869 3931 968 3992 Casina,
982 3940 1010 3983 ut
1020 3933 1138 3992 vidimus,
1152 3940 1252 3982 vocatur
1270 3926 1449 4000 Κληρούμενοι

373 4006 398 4055 iu
413 4007 558 4071 exemplari3
577 4006 592 4069 ο
601 4006 785 4070 Δισεξαπατῶυ
802 4010 963 4061 Bacchidibus
983 4020 1100 4063 mutatur.
1120 4013 1186 4063 Licet
1203 4019 1267 4061 certe
1286 4010 1360 4070 milri,
1376 4022 1449 4073 quam

373 4090 503 4151 proposui,
526 4090 692 4155 conjecturam
708 4092 798 4142 ducere
817 4093 902 4143 eodem
915 4096 971 4159 jore
987 4110 1037 4159 quo
1053 4104 1091 4147 tot
1103 4097 1144 4147 alii
1159 4097 1201 4161 qui
1214 4096 1244 4146 de
1256 4096 1328 4147 titulo
1346 4094 1449 4157 hujusce

373 4168 497 4223 comoedias
509 4173 679 4238 disputarunt,
692 4183 752 4225 teste
766 4176 897 4226 Ritschelio
909 4178 1028 4242 (Pares-p.
1044 4180 1158 4230 Plautia.
1176 4180 1201 4238 1,
1220 4173 1266 4229 rto
1281 4186 1305 4228 et
1320 4180 1388 4236 tort.
1403 4172 1447 4224 Ce-

374 4256 452 4299 terum
463 4255 560 4304 nonnisi
574 4270 618 4319 pro
632 4256 771 4319 conjectura
780 4270 834 4305 eam
846 4257 925 4306 valere
938 4258 1018 4321 cupio.

406 4331 415 4379 1
437 4332 577 4384 Trinumm.
594 4334 690 4399 Prolog.
709 4340 752 4396 18,
769 4338 807 4385 19.
819 4366 850 4373 -
863 4337 941 4388 ‘Mil
956 4338 1024 4387 Glor·
1038 4337 1076 4397 11,
1094 4342 1122 4397 1,
1135 4342 1159 4387 8.
1174 4367 1205 4374 —
1224 4339 1236 4373 ³
1250 4337 1313 4387 illst.
1334 4336 1447 4385 litteral.

373 4423 444 4483 praec.
456 4426 509 4475 cap.
524 4414 618 4472 XXIX,
629 4416 654 4464 in
668 4416 777 4466 versione
788 4416 866 4465 italica
879 4416 1022 4480 professoris
1033 4418 1115 4467 Ferrai
1126 4418 1253 4476 Senensis,
1263 4416 1292 4465 Τ.
1307 4414 1328 4465 11
1334 4451 1342 4475 ,
1356 4430 1381 4479 p.
1392 4417 1447 4463 156.
