3250 5050
218 573 310 639 lauit
331 573 466 638 monita:
510 577 513 580 ’

342 759 492 820 Quamquam
503 771 541 806 res
553 765 642 807 nostrae
657 763 728 816 sunt,
739 765 820 821 pater,
834 757 1002 820 pauperculae,

342 837 433 886 llodice
443 843 467 886 et
481 836 589 886 modeste
602 838 676 887 meliu
692 838 722 885 'st
735 838 809 885 vitam
819 836 917 884 vivere:

342 920 416 987 Nam,
427 919 458 968 ad
471 926 636 982 paupertatem
648 921 668 969 si
680 918 815 982 admigrant
825 918 944 975 iniamiae,

343 999 443 1049 Gravior
453 1007 581 1062 paupertas
591 999 618 1048 fit
630 999 649 1045 ¹.

219 1162 279 1228 Nec
297 1160 340 1224 illi
362 1161 445 1226 deest
469 1132 568 1227 debita
586 1161 663 1245 patri
683 1162 859 1226 reverentia.
882 1159 1028 1226 Dixerat:

343 1347 417 1408 Virgo
428 1352 500 1408 atque
512 1346 599 1395 mulier
613 1345 680 1395 nulla
693 1345 751 1404 erit,
763 1345 823 1407 quin
834 1345 865 1394 sit
878 1345 940 1393 mala
947 1379 957 1403 ,
989 1320 994 1325 ⁴

342 1425 401 1484 Quae
411 1425 508 1482 reticet,
521 1426 540 1474 si
552 1425 612 1488 quid
623 1425 676 1474 lieri
690 1438 803 1487 perverse
817 1422 907 1474 videat.

216 1613 236 1650 a
263 1588 398 1655 Malusne
412 1608 468 1673 ego
482 1606 549 1652 sum
566 1613 596 1666 a,
610 1588 714 1674 recipit
726 1586 845 1654 Saturio
859 1609 867 1665 ;
884 1595 915 1650 at
927 1586 979 1650 illa
994 1609 1002 1650 ;

407 1807 462 1820 ......
473 1773 527 1821 Non
540 1786 582 1830 es,
597 1785 676 1834 neque
688 1785 726 1826 me
737 1770 837 1834 dignum
847 1771 877 1819 ’st
887 1769 966 1819 dicere
978 1785 985 1818 :

340 1853 434 1904 'Verum
444 1853 466 1902 ei
476 1854 511 1902 rei
521 1867 619 1916 operam
629 1851 674 1911 do,
688 1866 719 1902 ne
732 1852 772 1901 alii
784 1851 865 1901 dicant
875 1851 965 1913 quibus
978 1851 1033 1900 licet
1042 1852 1063 1898 ³.

217 2015 304 2082 Cedit
318 2015 438 2082 tandem
451 2024 583 2100 paternae
595 2015 740 2078 voluntati
753 2033 878 2078 romana
889 2013 999 2079 ferocia
1011 2031 1180 2098 expressa:

342 2200 436 2258 Meum,
448 2201 535 2262 opino,
549 2200 678 2262 imperium
691 2199 721 2247 'st
736 2201 761 2248 in
776 2206 814 2256 te,
829 2212 878 2248 non
894 2199 918 2247 iu
928 2213 967 2248 me
978 2199 1032 2248 tihi.

343 2306 372 2313 —
387 2279 439 2328 Tua
449 2279 515 2328 istaec
526 2285 631 2341 potestas
642 2286 690 2336 est,
706 2280 797 2340 patert.

216 2443 319 2520 Partes
333 2462 399 2527 quae
413 2441 470 2506 sibi
480 2441 655 2537 tribuuntur
668 2441 774 2528 accipit
791 2463 798 2503 :

342 2626 549 2686 Necessitatem,
561 2627 623 2675 mala
637 2634 665 2675 ut
674 2627 744 2685 fiam,
758 2628 826 2675 lacis.

345 2708 386 2759 Vel
398 2716 424 2757 tu
437 2722 476 2757 me
487 2707 577 2765 vende,
590 2710 628 2757 vel
641 2710 692 2757 lace
702 2708 768 2771 quod
778 2709 823 2758 tibi
836 2709 930 2759 lubet5.

266 2866 402 2955 Stantem
428 2909 527 2955 coram
551 2892 658 2955 lenone
676 2910 737 2954 non
760 2889 842 2954 illarn
865 2911 917 2956 sna
942 2891 1100 2976 pmdentia
1125 2892 1242 2971 delicit,
1265 2902 1295 2957 et

216 3020 269 3088 per
296 2998 399 3063 dolosa
424 3000 533 3075 verba,
557 3018 624 3082 quae
648 2997 734 3062 docta
759 3007 826 3076 est,
852 3001 984 3081 perlucet
1006 3019 1096 3084 quam
1123 3009 1294 3067 contemnat

215 3125 266 3173 eos
290 3108 469 3193 quibuscum
492 3116 625 3175 versatur
651 3131 659 3171 2

343 3292 414 3342 Urbis
427 3292 531 3355 speciem
542 3291 604 3349 vidi,
619 3292 745 3343 hominurn
759 3308 839 3343 mores
852 3294 966 3356 prospexi
978 3308 1074 3357 parurn.

342 3372 366 3421 Si
376 3373 462 3421 incolae
472 3372 534 3422 bene
544 3379 602 3421 sunt
615 3374 714 3433 morati,
728 3374 810 3435 pulcre
823 3374 945 3421 munitum
956 3374 1083 3423 arbitror⁰
1096 3390 1104 3432 ;

215 3558 293 3623 miro
314 3536 404 3621 modo
426 3558 587 3643 respondet
611 3557 807 3643 interroganti
831 3556 942 3622 lenoni.
974 3559 1049 3622 Rern
1067 3557 1144 3621 bene
1166 3554 1244 3640 gerit
1262 3555 1294 3619 in

215 3668 337 3755 ancipiti
358 3679 457 3749 statu,
480 3679 528 3750 et,
554 3671 624 3735 licet
640 3690 701 3735 non
722 3668 904 3746 mentiatur,
929 3668 1047 3754 aggerit
1064 3688 1099 3735 ea
1113 3668 1203 3733 verba
1226 3686 1293 3753 quae

124 3922 128 3931 ¹
167 3886 184 3907 ⁸
244 3902 256 3936 ¹
272 3904 361 3963 Persa,
373 3903 416 3961 111,
429 3907 452 3962 l,
467 3907 506 3952 l'l.
518 3903 547 3953 st
563 3916 627 3966 pono
639 3910 694 3965 post
702 3894 890 3965 paupertatem,
900 3917 956 3951 curu
962 3902 1103 3960 Ritschelio,
1114 3902 1164 3950 lere
1178 3899 1293 3949 omnibus

214 3983 340 4034 codicibus
353 3983 427 4033 irato.
438 4012 468 4045 ε
481 3984 493 4019 ⁹
506 3983 543 4032 ld.
557 3982 593 4031 id.
605 3982 641 4030 id.
656 3985 695 4030 37.
709 4009 739 4018 -
751 3982 764 4016 ³
776 3982 815 4031 ld.
829 3982 866 4031 a‘d.
881 3983 918 4031 id.
929 3985 969 4030 ta.

246 4066 258 4099 ⁴
272 4064 310 4113 ld.
321 4064 356 4112 id.
371 4064 417 4123 tc,
433 4066 470 4113 15.
482 4065 581 4128 Recipio
594 4064 722 4113 lectionem
737 4063 875 4122 Ritschelii‚
886 4078 941 4113 curn
952 4062 1116 4111 Ambrosiano
1130 4060 1226 4121 codice3
1241 4068 1293 4109 tum

214 4158 273 4193 vero
284 4144 432 4207 provulgato
448 4145 552 4207 opinor,
571 4146 646 4207 opino
659 4142 799 4194 habendum
816 4150 852 4192 est
868 4142 1002 4191 secundum
1017 4140 1179 4189 Fleiclresenii
1194 4140 1292 4202 conjec-

213 4230 303 4273 turam.
317 4250 347 4259 -
358 4224 369 4258 ⁵
379 4222 416 4271 ld.
431 4222 467 4272 id.
479 4223 515 4271 id.
523 4226 553 4272 ot
564 4230 587 4273 et
598 4226 637 4273 70.
652 4253 682 4260 -
692 4224 704 4258 ⁶
715 4223 753 4272 Id.
764 4223 812 4281 IV,
825 4225 839 4269 t
846 4256 855 4281 ,
866 4226 881 4270 2
892 4228 916 4269 et
925 4224 949 4268 θ.
966 4220 1019 4268 Non
1032 4220 1122 4282 recipio
1131 4220 1226 4282 Meyeri
1236 4233 1292 4268 sen·

214 4304 314 4353 tentiam
330 4303 405 4353 tiliam
420 4302 553 4353 Saturionis
571 4318 616 4366 pro
635 4295 725 4353 femina
740 4302 925 4365 philosophante
945 4300 1064 4349 habentis.
1080 4300 1206 4350 Plautinus
1222 4299 1297 4361 jocus

216 4390 265 4443 est3
280 4383 454 4447 philosophiam
466 4382 497 4431 acl
506 4390 601 4446 poetam
614 4384 695 4447 ipsum
706 4382 838 4438 attribuas,
849 4395 897 4429 uon
912 4379 942 4429 ad
951 4394 1088 4445 personam.
