3250 5050
786 405 969 472 -5g...

336 542 482 630 perantia,
494 561 624 630 quarum
638 543 763 610 crimina
777 555 940 633 carpuntur
953 547 985 612 in
1000 566 1099 626 scena,
1115 556 1149 613 ut
1162 548 1278 615 occasio
1287 569 1319 616 se
1334 569 1415 636 praa-

336 656 421 720 bet¹.
450 650 572 720 Illarum
596 652 652 720 alia
676 653 745 720 vitia
769 656 870 740 arguit
890 657 1030 735 Plautus,
1045 657 1262 739 morositatem,
1287 659 1416 726 nimiam

337 763 436 830 mariti
464 765 654 849 negotiomm
683 763 918 849 indagationem,
943 765 1171 850 garrulitatem,
1200 768 1354 853 profusam
1382 769 1416 834 in

337 875 514 940 vestimenta
537 875 698 941 luxuriam.
717 875 919 962 Perspicimus
933 877 1064 961 quodam
1074 878 1164 945 modo
1177 897 1270 965 qnam
1292 890 1416 946 coutur-

336 982 490 1050 bationom
505 982 537 1048 in
551 983 697 1050 femineos
711 1002 810 1050 mores
831 983 968 1051 intulerit
981 985 1114 1052 viromm
1129 987 1162 1052 in
1176 988 1241 1054 dies
1264 977 1416 1055 marchio-¹

337 1110 422 1160 scens
448 1093 615 1179 cormptela
643 1102 673 1160 et
700 1094 852 1178 graecatm.
883 1094 991 1159 Adhuc
1019 1104 1147 1161 assuetae
1174 1095 1300 1163 domum
1322 1097 1412 1176 tueri,

284 1251 289 1258 -
335 1202 577 1270 matresfamilias
586 1204 651 1290 jam
666 1205 766 1270 colum
780 1213 811 1268 et
825 1203 988 1269 lanificium
1008 1203 1147 1270 deserere
1166 1214 1333 1290 coepemnt.
1353 1203 1415 1272 Sti·
1442 1213 1444 1217 ’

335 1316 490 1390 mulantur
498 1313 581 1381 enim
591 1315 769 1380 maritorum
778 1313 914 1400 perfidia,
927 1333 1093 1400 graecarum
1105 1316 1299 1383 meretricum
1305 1318 1416 1402 lepori-

336 1425 393 1490 bus
405 1432 572 1508 captorum.
590 1423 681 1502 Aliae,
697 1432 732 1488 ut
746 1425 925 1504 Artemona,
941 1443 1003 1489 non
1017 1424 1157 1491 dubitant
1170 1425 1271 1510 ipsum
1290 1426 1416 1510 lupanar

335 1532 477 1598 invadere
490 1539 524 1598 ut
537 1533 607 1620 jura
622 1551 674 1597 sua
686 1532 855 1611 vindicent;
871 1533 939 1598 aliae
951 1533 1056 1598 multis
1074 1533 1173 1599 modis
1191 1552 1328 1599 reversos
1338 1533 1417 1599 viros

338 1651 458 1719 vexant,
476 1642 522 1707 sui
544 1640 706 1706 ulciscendi
728 1661 835 1719 causa;
852 1662 887 1706 ea
901 1651 947 1708 est
960 1643 1137 1709 Cleostrata
1154 1642 1241 1708 ratio.
1268 1642 1417 1722 Quadam

339 1752 376 1818 ad
391 1753 557 1838 legitimam
571 1751 730 1829 actionem,
746 1760 780 1817 ut
804 1751 936 1836 Dorippa
950 1761 981 1816 et
1003 1771 1079 1816 uxor
1102 1751 1297 1830 blenaechmi‚
1313 1769 1419 1817 recur-
1460 1810 1472 1832 ,

343 1870 426 1940 runt,
442 1859 474 1925 in
492 1881 527 1928 ea
542 1881 574 1926 re
588 1881 604 1925 a
619 1859 794 1945 parentibus
807 1859 908 1925 minus
922 1860 1043 1948 adjutae.
1070 1862 1227 1945 Pleraeque
1240 1869 1270 1927 ot
1283 1861 1357 1947 ipsae
1370 1862 1416 1926 la·

340 1969 470 2036 sciviunt
493 1970 578 2034 novis
606 1969 720 2035 artibus
742 1970 775 2034 in
797 1969 953 2036 ‚civitatem
980 1969 1174 2050 introductis,
1195 1979 1233 2036 et
1260 1970 1419 2036 munditiis

339 2079 532 2146 meretricum
545 2080 736 2146 aemulantur.
755 2080 856 2146 Facile
872 2089 995 2166 apparet
1007 2090 1127 2166 tempus
1141 2080 1217 2157 illud
1231 2081 1344 2152 circum
1353 2075 1420 2146 cer-

339 2189 452 2256 tamina
468 2189 505 2254 de
524 2190 591 2274 lege
605 2187 727 2276 Oppia’
752 2195 782 2254 et
804 2190 1098 2255 senatusconsultum
1126 2189 1164 2254 dc
1184 2189 1420 2256 Bacchanalibus

338 2297 478 2382 transigi.
498 2299 597 2377 Quam
611 2299 701 2382 longa
716 2298 806 2364 estin
822 2298 976 2364 Aulularia
991 2297 1130 2364 femineae
1144 2298 1337 2383 supellectilis
1346 2320 1422 2365 enu-

340 2404 481 2472 meratio!
500 2408 600 2487 Quam
615 2407 640 2472 si
656 2406 817 2472 meretricii
833 2417 972 2492 sumptus
987 2407 1193 2494 descriptioni,
1208 2407 1305 2494 qualis
1320 2418 1365 2473 est
1388 2409 1422 2473 iu

341 2512 465 2603 Epidico
487 2515 633 2597 conferes,
648 2516 733 2582 illam
756 2515 828 2581 huic
841 2535 949 2603 parum
972 2507 1078 2583 cedere
1100 2516 1247 2583 invenies.
1275 2519 1419 2584 Matronae

342 2632 432 2705 certe,
443 2635 477 2692 ut
485 2625 667 2704 meretrices,
682 2625 796 2711 fandis
807 2636 970 2691 cocornotae
980 2623 1159 2691 incedebant
1172 2645 1226 2709 per
1238 2626 1302 2691 vias
1317 2626 1342 2691 ⁸.
1356 2627 1421 2691 Ma-

341 2745 439 2814 trona,
454 2735 492 2799 de
501 2753 560 2821 qua
577 2734 691 2800 mentio
705 2734 796 2799 estin
810 2735 1007 2800 Truculento*
1025 2788 1032 2814 ,
1052 2754 1120 2821 quaa
1134 2754 1196 2800 non
1214 2734 1332 2801 dubitat
1346 2751 1421 2818 pue-

341 2864 410 2909 rum
420 2844 491 2911 filiae
502 2863 564 2909 suae
574 2843 692 2909 tradere
706 2842 869 2923 meretrici,
888 2843 988 2909 forsan
1002 2843 1127 2910 lliniam
1141 2844 1225 2910 illam
1234 2844 1419 2930 Campanam

342 2947 435 3033 novit,
450 2970 518 3039 quae
535 2953 611 3017 ritus
624 2950 857 3018 Bacchanalium
871 2952 909 3018 ad
926 2953 1065 3018 ultimam
1085 2953 1238 3019 licentiam
1253 2952 1377 3037 protulit
1391 2953 1416 3016 ⁸.

343 3064 513 3143 Nonnullae,
528 3070 562 3129 ut
585 3062 738 3149 Myrrhina
754 3063 779 3143 ⁶,
797 3059 904 3127 timide
925 3062 1094 3128 tolerabant
1112 3062 1324 3147 quodcumque
1344 3061 1421 3131 acci-

251 3166 253 3169 ’
340 3172 444 3250 deret,
472 3181 501 3239 et
526 3171 558 3237 in
583 3188 703 3251 somno,
733 3171 847 3236 insulsa
874 3171 1054 3257 loquacitate
1079 3190 1299 3257 nonnunquam
1326 3169 1421 3237 inter-

343 3282 450 3361 misso,
467 3281 558 3346 vitam
577 3281 716 3366 agebant.
734 3279 940 3359 Paucissimae,
957 3289 1063 3346 natura
1082 3280 1195 3365 optima
1209 3289 1240 3345 et
1258 3278 1420 3344 fortissima

176 3454 181 3461 .
290 3382 295 3395 ’
343 3391 477 3466 officium
500 3391 701 3457 deserendum
722 3390 806 3454 nullo
828 3388 918 3459 modo
942 3388 1177 3455 arbitrabantur.
1203 3387 1362 3467 Quaedam,
1388 3397 1424 3453 ut

345 3500 493 3577 Eunomia
509 3509 540 3565 et
557 3500 766 3576 Phanostrata,
777 3498 911 3564 referunt
920 3496 1007 3562 nobis
1016 3496 1165 3581 Imagines
1174 3496 1296 3561 illarum
1307 3516 1422 3561 anuum

345 3600 1423 3693 tantaverecundiadignarum‚qua1·umnominadatLivius,utAEbutia

346 3730 378 3785 et
400 3716 531 3804 Sulpicia
546 3726 616 3783 sunt
631 3718 655 3783 ⁷.
682 3720 796 3785 Forsan
810 3714 978 3793 Pinacium,
994 3732 1063 3801 quac
1084 3722 1201 3781 tantam
1225 3714 1424 3781 constantiam

378 3908 387 3943 ¹
405 3899 541 3957 0111111.
561 3903 598 3963 11,
620 3906 665 3951 tar
684 3908 708 3951 et
724 3913 777 3966 sqq.
799 3902 849 3951 «ln
866 3902 957 3965 quibus
975 3900 1072 3950 assidue
1091 3901 1172 3950 cultus
1189 3899 1298 3963 procedit
1316 3899 1425 3960 adulter,

350 3988 478 4050 Verbaque
493 3984 534 4033 dat
547 3984 621 4033 stulto
632 3980 717 4031 callida
729 3988 806 4044 nupta
818 3982 880 4031 vico.
893 3981 1022 4044 Quumque
1034 3980 1119 4030 fefellit
1132 3994 1217 4029 amans
1229 3979 1311 4043 aliqua
1321 3981 1427 4030 novitate

351 4068 480 4125 maritum,
493 4064 620 4115 Plauditur
631 4069 751 4125 almagno
763 4061 844 4123 palma
854 4060 936 4110 favore
946 4059 1046 4110 datan.
1057 4059 1122 4109 Nihil
1131 4066 1215 4110 contra
1225 4060 1267 4109 illa
1274 4060 1428 4111 inferendum

350 4160 403 4195 csse
416 4154 474 4208 puto
485 4145 515 4194 de
525 4136 667 4208 argumento
678 4140 758 4190 Militis
769 4140 794 4189 in
807 4154 857 4203 qno
868 4138 897 4189 de
907 4139 1027 4190 adulterio
1039 4146 1131 4189 tentato
1143 4141 1230 4203 agitur.

382 4224 394 4258 ¹
408 4225 437 4273 T.
448 4224 476 4273 L.
489 4224 602 4284 XXXIV,
611 4229 636 4275 6.
647 4249 678 4259 -
690 4218 811 4287 8llpidt'c.
826 4220 993 4281 11‚a‚ta.-
1006 4220 1019 4256 ⁴
1035 4222 1134 4273 Tmcal.
1149 4222 1192 4282 tv,
1203 4226 1233 4281 3,
1246 4224 1286 4270 ἥ.

383 4304 394 4339 ⁵
406 4304 435 4352 Τ.
446 4304 475 4353 L.
488 4304 601 4367 XXXIX,
617 4309 654 4355 ta.
669 4334 699 4342 —
711 4307 723 4341 θ
734 4305 830 4356 Cmitto
843 4303 880 4365 ll,
892 4308 921 4365 ἱ,
935 4308 964 4366 t;
975 4312 1021 4354 etc.

385 4385 395 4421 I
412 4385 522 4448 Indulget
533 4386 583 4436 filio
597 4387 730 4445 Eunomia,
745 4394 769 4435 et
781 4385 880 4435 AEbutia
893 4384 944 4435 fillo
958 4384 1048 4434 fratris.
1063 4384 1124 4434 Vide
1139 4396 1236 4447 quoquc
1250 4394 1312 4445 quos
1328 4380 1429 4430 affectus
